1680 3052
239 115 294 171 L
329 93 515 170 1·13E
559 129 600 171 R
685 109 1138 173 xxxvm.

74 189 203 241 bena
240 195 487 244 volutetur
523 195 570 241 in
619 191 742 256 jactu
777 193 909 258 glans
936 231 949 251 ,
991 194 1018 242 8
1053 195 1133 243 sed
1183 196 1549 270 librataU,c‚553‚

74 278 224 325 quum
263 261 472 322 sederit,
504 261 638 312 velut
681 278 834 310 nervo
878 260 1008 308 miffa
1046 267 1430 326 excuti-‚itur;2.ss

73 345 280 377 coronas
322 331 502 379 modici
544 329 704 377 circuli
748 345 927 394 magno
985 346 1044 377 ex
1093 332 1348 383 intervallo

70 394 169 443 loci
191 396 354 446 affueti
385 395 603 460 trajicere
621 434 634 456 ‚
657 413 752 443 non
784 398 937 460 capita
970 396 1119 444 solum
1144 398 1351 450 hostium

70 462 424 526 vulnerabant,
444 465 525 514 sed
555 481 698 530 quem
728 463 889 511 locum
916 463 1213 514 destinassent
1237 470 1350 518 oris.

69 526 152 578 Eae
185 531 344 581 fundae
371 533 582 582 Samaeos
629 531 946 580 cohibuerunt
972 569 988 589 ‚
1020 550 1081 581 ne
1117 547 1214 579 tam
1249 551 1353 582 cre-

19 599 23 601 *
68 597 195 660 brt),
230 617 358 650 neve
389 617 488 651 tam
527 600 746 649 audacter
779 615 1117 665 erumperent:
1144 600 1267 649 adeo
1298 617 1350 651 ut

0 710 1 713 ,
67 683 380 732 precarentur
421 687 481 718 ex
514 669 659 716 muris
694 666 902 714 Achaeos
939 703 954 724 .,
996 683 1047 715 ut
1091 686 1351 734 parumper

67 734 384 785 abscederent
408 775 422 796 ‚
472 738 525 786 ὅ(
566 735 611 784 se
644 751 751 782 cum
789 733 1022 782 Romanis
1067 733 1348 787 stationibus

67 819 340 869 pugnantes
372 806 533 870 quiete
569 802 847 867 speeiarent.
883 801 1110 865 Quatuor
1159 804 1347 854 menses

67 870 371 921 obsidionem
400 872 542 922 Same
570 869 792 919 sustinuit.
830 885 857 934 9
889 870 1058 934 Quum
1089 887 1147 919 ex
1181 874 1346 936 paucis

65 939 282 1004 quotidie
317 942 458 1006 aliqui
495 957 665 989 eorum
708 937 968 997 caderent,
1004 954 1080 985 aut
1115 940 1350 989 vulnera-

65 1022 232 1055 rentur
256 1045 269 1067 ‚
294 1009 344 1057 ὃ(
373 1009 451 1074 qui
480 1008 790 1074 superarent,
821 1003 923 1053 feffi
955 1007 1006 1054 ἃ(
1033 1009 1346 1073 corporibus,‘

65 1074 121 1122 &
162 1079 328 1124 animis
365 1075 512 1125 essent
545 1093 559 1136 ;
594 1074 805 1123 Romani
839 1071 981 1122 nocie
1018 1091 1106 1140 per
1148 1093 1307 1125 arcem
1329 1115 1346 1138 ‚

63 1159 211 1207 quam
247 1142 514 1211 Cyatidem
539 1157 744 1202 vocant,
767 1141 828 1208 (1
861 1158 970 1189 nam
1003 1143 1111 1192 urbs
1145 1145 1192 1192 in
1212 1163 1348 1196 mare

62 1210 254 1261 devexa
276 1251 290 1272 ‚
322 1215 371 1261 in
405 1213 714 1262 occidentem
751 1209 947 1276 vergit)
976 1228 1114 1260 muro
1145 1211 1347 1278 supera-

61 1291 116 1328 to
138 1317 153 1339 ‚
188 1281 236 1328 in
265 1281 422 1331 forum
456 1293 801 1347 pervenerunt.
826 1277 996 1327 Samaei
1030 1278 1345 1347 posteaquam

61 1363 254 1412 captam
294 1351 422 1398 urbis
472 1363 658 1416 partem
699 1348 758 1395 ab
807 1347 1018 1396 hostibus
1056 1347 1341 1409 senserunt,

60 1431 171 1462 cum
199 1414 483 1484 conjugibus
517 1436 571 1465 ac
607 1417 766 1465 liberis
801 1417 847 1464 in
878 1413 1113 1479 majorem
1149 1417 1344 1484 refuge·-

60 1496 171 1530 runt
200 1502 359 1533 arcem
375 1522 389 1545 ‚
407 1485 520 1534 inde
537 1483 730 1550 postero
751 1483 826 1532 die
846 1484 995 1532 dediti
1018 1520 1032 1544 ,
1056 1484 1244 1551 direpta
1268 1503 1345 1534 ur-

60 1549 155 1605 be,
191 1551 274 1599 sub
313 1571 494 1601 corona
528 1569 698 1602 omnes
732 1552 1004 1600 venierunt.

1420 270 1430 279 x

1439 277 1549 327 ‚189.

127 1617 293 1667 XXX.
344 1618 528 1669 Consul
567 1618 844 1684 compofitis
886 1619 1026 1667 rebus
1062 1618 1334 1687 Cephalle-
1358 1637 1534 1694 Conf.1'a

56 1685 148 1734 niae
169 1723 185 1745 ,
226 1686 441 1751 praefidio
476 1687 627 1736 Samae
650 1685 874 1752 imposito
892 1724 905 1745 ‚
932 1689 979 1735 in
1012 1685 1330 1754 Peloponne-
1349 1699 1463 1743 Pelo.

57 1751 159 1801 sum
176 1792 189 1813 ‚
222 1753 404 1818 jamdiu
427 1754 765 1804 arceffentibus
801 1754 1099 1821 AEgienfibus
1125 1760 1498 1816 maximepomze-

56 1838 113 1869 ac
150 1822 534 1873 Lacedaemoniis
559 1861 574 1881 ‚
604 1822 808 1886 trajecit.
852 1823 1047 1890 AEgium
1069 1862 1083 1884 ,
1108 1844 1134 1873 a
1158 1828 1323 1890 princi*
1344 1823 1423 1894 [Q
1454 1840 1555 1878 Nat

56 1890 141 1953 pio
176 1888 376 1939 Achaici
400 1892 622 1951 concilii,
660 1891 848 1956 semper
876 1908 1144 1942 conventus
1175 1887 1445 1960 gemisflcic·

54 1956 220 2006 indicti
253 1958 388 2019 sunt3
415 1959 494 2008 seu
521 1955 739 2026 dignitati
772 1957 898 2007 urbis
920 1959 995 2019 id,
1021 1959 1100 2008 seu
1123 1962 1218 2009 loci
1241 1980 1334 2028 op-

54 2027 336 2090 portunitati
373 2027 538 2075 datum
571 2026 653 2076 est.
688 2026 833 2074 Hunc
867 2043 1055 2075 morem
1078 2026 1331 2095 Philopoe-

54 2109 170 2141 men
202 2110 263 2142 eo
298 2095 507 2160 primum
538 2112 667 2143 anno
700 2093 984 2144 labefactare
1005 2111 1201 2144 conatus
1222 2135 1236 2157 ‚
1256 2099 1331 2147 le-

53 2177 167 2226 gem
199 2163 394 2227 parabat
428 2161 552 2212 ferre
573 2201 587 2222 ‚
610 2177 660 2212 ut
691 2163 741 2210 in
773 2163 996 2212 omnibus
1017 2165 1329 2226 civitatibus,

52 2245 160 2295 quae
191 2228 393 2279 Achaici
413 2231 604 2281 concilii
623 2229 772 2281 effent
791 2268 809 2289 ,
842 2231 891 2278 in
919 2233 1078 2282 vicem
1107 2250 1328 2288 conven-⁴

118 2338 141 2379 8
165 2340 404 2383 Sedlibrata
420 2360 527 2399 quum
544 2343 658 2398 sede·
720 2347 934 2390 Redundat
965 2347 1026 2392 Τὸ
1060 2366 1205 2393 eorum.

45 2399 121 2441 rit.
140 2400 157 2454 ]
179 2403 256 2443 Sed
284 2419 402 2458 quum
425 2408 534 2461 glans
552 2422 658 2447 man·
786 2423 802 2451 1
831 2411 938 2452 Nam
971 2413 1071 2453 urbs.
1091 2414 1108 2466 ]
1135 2414 1325 2466 Qudnam

55 2462 149 2502 serit
168 2464 330 2505 immota
349 2468 387 2506 in
406 2468 544 2516 fundo,
565 2469 655 2509 dum
718 2472 918 2525 pertineat
937 2474 1022 2514 haec
1049 2475 1292 2528 parenthesis
1309 2506 1326 2528 ‚

51 2523 221 2566 libratur
239 2526 369 2567 rorat&
390 2530 592 2571 habeni...
717 2534 823 2573 unde
846 2536 1020 2588 pendeat
1035 2563 1044 2582 ,
1058 2536 1230 2576 fatemur
1246 2552 1321 2578 nos

115 2596 139 2634 9
163 2585 289 2643 Quum
309 2604 357 2627 ex
373 2591 508 2644 paucis
525 2592 653 2646 quoti·
716 2609 852 2649 parum
882 2596 1037 2636 videre.
1071 2597 1233 2651 Aliquid
1259 2599 1325 2639 hic

37 2645 115 2687 die
131 2647 255 2703 aliqui
269 2664 396 2691 eorum
415 2654 613 2695 caderent.
633 2654 650 2706 ]
718 2656 902 2699 excidisse
929 2658 1182 2713 suspicamur.
