1680 3052
318 140 437 185 '100
601 126 1317 186 T1T1L1V11

115 232 293 284 U·c.554
318 210 445 258 ciem
475 209 654 258 ruentis
684 208 897 258 hostibus
920 246 935 269 ‚
967 209 1445 277 trepidationemque
1477 209 1610 267 insui

113 289 430 341 a.C.19S.nam
468 276 837 343 superstantibus
868 279 1060 331 armatis
1092 276 1364 342 praebuerit.

380 344 572 399 XVIII.
604 345 780 410 Quum
818 362 988 411 parum
1008 346 1265 411 quicquam
1294 345 1604 408 succederet„⁴

314 413 482 463 consul
508 415 706 464 minime
729 430 870 479 aequo
891 413 1055 461 animo
1075 418 1490 479 comparationem
1512 417 1604 463 mi-

311 480 454 530 litum
489 483 679 549 generis
710 497 1053 547 armorumque
1087 479 1189 531 fieri
1219 483 1604 547 patiebaturtst-

122 551 416 621 Reinft-mul
443 567 533 605 nec
574 565 810 599 maturam
844 549 1156 616 expugnandi
1192 548 1324 615 spem
1345 589 1358 612 ‚
1392 569 1484 601 nec
1517 569 1602 600 ra·-

109 632 170 672 ἔὲἂ
219 621 503 670 ahittionem
538 618 710 684 procul
744 635 770 666 a
796 621 916 666 mari
948 619 1001 667 δε.
1032 619 1080 667 in
1114 618 1331 668 evastatis
1356 620 1469 669 belli
1502 620 1619 669 cla-'

110 689 228 748 Cons-
313 686 452 736 dibus
487 686 609 738 locis
640 685 927 740 hibernandi
962 686 1107 746 ullam
1139 687 1400 736 cernebat:
1437 690 1608 755 itaque·

310 754 478 808 reliCta
510 754 799 815 obfidione3
831 756 941 821 quia
973 755 1128 803 nullus
1159 755 1208 803 in
1241 770 1345 804 tota
1372 755 1601 807 Acarna-

307 824 401 875 niae
435 838 582 891 atque
607 823 801 878 AEtoliae
832 841 918 872 ora
936 837 1104 889 portus
1127 835 1262 881 erat,
1295 825 1375 890 qui
1391 823 1526 873 stmul
1546 826 1600 875 δε

308 909 484 942 omnes
529 894 802 952 onerarias,
839 909 946 958 quae
991 905 1324 951 commeatum
1364 895 1599 943 exercitui

305 961 605 1027 portabant,
649 975 880 1027 caperet,
915 960 966 1010 &
1000 959 1122 1017 tesia
1148 960 1208 1015 ad
1241 961 1599 1021 hibernandum

104 1029 582 1102 Plzocidislegionibus
614 1029 851 1095 praeberet
869 1066 884 1089 ,
913 1043 932 1074 1
967 1030 1209 1094 Anticyra
1234 1030 1281 1077 in
1311 1029 1522 1079 Phocide
1547 1033 1597 1089 in

102 1124 214 1163 urbes
247 1123 293 1162 ab
308 1096 624 1149 Corinthium
661 1095 799 1147 versa
823 1095 1002 1156 smum,
1031 1095 1091 1145 ad
1115 1097 1166 1145 id
1195 1096 1599 1163 opportuniffime

98 1166 390 1243 eocaptae.fita
409 1165 507 1216 visa
538 1184 548 1215 :
589 1168 701 1233 quia
733 1182 823 1215 nec
840 1165 1009 1231 procul
1026 1163 1268 1214 Thessalia
1285 1165 1598 1234 hostiumque

302 1236 424 1287 locis
476 1235 671 1285 abibant
707 1270 721 1294 ,
768 1233 823 1282 ὃς
852 1250 912 1283 ex
960 1232 1163 1295 adverso
1200 1232 1598 1302 Peloponnesum

304 1307 483 1372 exiguo
506 1305 649 1354 maris
673 1302 825 1369 spatio
849 1301 1046 1358 divisam
1066 1341 1080 1362 ‚
1116 1302 1174 1358 ab
1199 1316 1338 1371 tergo
1361 1303 1599 1364 AEtoliam

304 1372 724 1439 Acarnaniamque
761 1409 775 1431 ‚
835 1372 895 1420 ab
951 1371 1177 1422 lateribus
1228 1370 1490 1435 Locridem
1541 1372 1599 1422 &

305 1441 553 1491 Boeotiam
606 1439 866 1490 habebant.
915 1438 1139 1489 Phocidis
1200 1441 1362 1507 primo
1407 1443 1597 1507 impetu

303 1509 603 1567 Phanoteam
623 1509 719 1568 fine
741 1510 1001 1563 certamine
1025 1509 1174 1574 cepit.
1201 1509 1443 1575 Anticyra
1469 1509 1597 1559 haud

301 1579 511 1636 multum
553 1580 601 1626 in
643 1576 976 1645 oppugnando
1016 1578 1221 1643 praebuit
1253 1594 1420 1626 rnorae.
1459 1577 1597 1626 Am·-

300 1647 473 1714 brysus
522 1647 635 1696 inde
679 1644 1074 1712 Hyampolisque
1121 1660 1351 1712 receptae.
1385 1644 1596 1709 Daulis,

302 1719 416 1783 quia
439 1718 488 1765 in
512 1715 700 1776 tumulo
726 1714 914 1765 excelso
942 1712 1028 1762 fita
1058 1711 1124 1776 est
1145 1752 1158 1773 ,
1183 1731 1274 1763 nec
1301 1714 1435 1773 scalis
1458 1752 1473 1775 ,
1502 1732 1596 1766 nec

299 1785 532 1851 operibus
559 1787 667 1850 capi
687 1798 879 1850 poterat
901 1799 912 1832 ε
932 1781 1210 1836 lacessendo
1238 1781 1485 1835 miffilibus
1507 1800 1595 1847 eos

295 1855 380 1919 qui
429 1855 478 1902 in
516 1852 736 1917 praesidio
783 1864 951 1913 erant,
986 1868 1132 1917 quum
1183 1850 1246 1899 ad
1286 1851 1593 1902 excursiones

297 1920 564 1981 elicuiffent
595 1959 610 1982 ‚
665 1920 954 1987 refugiendo
1003 1921 1215 1969 invicem
1262 1918 1596 1986 insequendo-

293 2006 421 2056 que,
458 1990 510 2039 &
541 1990 731 2049 levibus
763 1990 860 2038 sme
895 1985 1067 2050 effeEiu
1104 1989 1484 2051 certaminibus,
1527 1990 1593 2038 eb

295 2058 603 2126 negligentiae
630 2058 684 2120 ὃς
711 2055 1021 2123 contemptus
1040 2055 1372 2117 adduxerunt,
1398 2073 1451 2108 ut
1477 2075 1591 2108 cum

290 2126 643 2194 refugientibus
665 2129 713 2175 in
749 2142 941 2191 portam
963 2127 1191 2190 permixti
1214 2126 1454 2192 impetum
1473 2125 1593 2176 Ro·-

292 2198 425 2257 mani
455 2194 688 2252 facerent.
723 2193 819 2244 Sex
850 2194 940 2242 alia
961 2193 1196 2261 ignobilia
1229 2192 1419 2245 castella
1453 2194 1592 2245 Pho-

294 2263 414 2315 cidis
442 2277 626 2317 terrore
655 2264 804 2330 magis
826 2300 842 2323 ,
867 2261 1012 2328 quam
1039 2264 1182 2311 armis
1214 2263 1264 2326 in
1295 2261 1591 2328 potestatem

295 2347 553 2384 venerunt.
579 2330 733 2381 Elatia
757 2330 920 2385 clausit
951 2344 1148 2397 portas:
1173 2345 1264 2379 nec
1280 2367 1294 2392 ,
1316 2330 1401 2380 nist
1423 2335 1472 2383 vi
1498 2351 1591 2383 coa

361 2447 377 2478 1
398 2435 595 2489 Anticyra
622 2434 660 2479 in
680 2433 903 2488 Phocide.]
971 2434 1461 2482 suntadmodumincerti.
1475 2434 1586 2478 Hinc

293 2496 393 2538 Eam
431 2497 566 2539 Livius
599 2524 610 2544 ,
646 2497 675 2536 l.
723 2496 902 2540 XXVI,
966 2497 1035 2537 illa
1058 2496 1357 2551 inconstantia;
1383 2498 1424 2539 &
1445 2498 1586 2538 diver-2

294 2574 333 2602 c,
363 2559 418 2599 26
437 2586 449 2607 ,
481 2558 521 2599 in
547 2558 718 2599 Locride
749 2559 902 2612 posuit.
967 2558 1102 2615 sorum
1129 2559 1339 2599 auctorum
1368 2559 1473 2600 inter
1509 2562 1548 2600 se
1566 2587 1580 2607 ,

293 2622 373 2661 Sed
397 2620 578 2665 nimirum
596 2618 699 2664 fines
713 2619 903 2673 Phocidis
965 2619 1071 2672 saepe
1109 2622 1233 2660 etiam
1264 2620 1381 2662 unius
1409 2621 1584 2672 austeris

295 2683 337 2731 ὃ(
361 2682 542 2741 Locridis
570 2683 619 2733 ad
649 2682 767 2725 maris
791 2675 902 2729 osam
965 2672 1099 2728 siecum
1130 2683 1218 2740 ipso
1245 2696 1400 2748 pugna.
1515 2675 1536 2679 '¹
