1680 3052
366 128 489 179 '120
654 118 1358 180 TrTrLrvrr

157 200 580 271 U.c.555‚oppida‚
606 199 861 252 hominum
892 202 1065 270 viginti
1101 203 1249 252 millia
1282 201 1375 253 esse
1406 198 1651 253 diceban&

155 275 439 328 1.C.197.tur
461 308 475 331 ‚
511 287 617 336 quae
642 270 688 320 se
722 270 1024 320 dediderant.
1057 270 1175 320 Inde
1206 273 1256 320 in
1285 288 1453 339 agrum
1485 272 1645 328 Boioq

361 356 468 390 rum
495 339 717 406 legiones
746 339 896 387 duxit.
1135 397 1142 402 N

426 406 592 455 XXX.
619 406 856 456 Boiorum
877 407 1114 456 exercitus
1137 405 1266 455 haud
1295 406 1362 455 ita
1381 406 1535 455 multo
1556 415 1647 457 ani

359 475 408 525 te
438 474 694 540 trajecerat
724 474 939 534 Padum,
969 473 1284 542 iunxeratque
1306 474 1351 524 se
1372 474 1642 525 Insubribus

359 543 413 594 &
446 541 779 603 Cenomanis,
812 542 946 610 quod
979 545 1045 591 ita
1076 558 1397 609 acceperant,
1435 541 1646 605 conjun-

361 611 447 661 &is
473 611 746 678 legionibus
767 610 985 660 consules
1009 628 1111 659 rem
1131 609 1344 678 gesturos
1364 649 1378 671 ‚
1405 625 1456 660 ut
1479 612 1531 661 &
1556 609 1644 678 ipsi

361 679 561 729 collatas
593 680 641 727 in
676 697 825 728 unum
866 680 994 728 vires
1025 676 1289 728 firmarent.
1325 677 1647 747 Posteaquam

357 746 490 796 fama
519 747 721 807 accidit,
756 748 960 797 alterum
980 746 1224 796 consulem
1245 746 1482 797 Boiorum
1505 764 1645 799 urere

358 832 502 884 agros
519 854 535 875 ,
560 814 729 865 seditio
751 816 999 882 externplo
1017 831 1121 865 orta
1141 814 1224 864 est.
1246 814 1487 865 Postulare
1505 814 1647 879 Boii,

356 899 412 934 ut
444 883 775 933 laborantibus
805 901 956 951 opem
973 882 1178 934 universi
1205 883 1403 933 ferrent.
1425 882 1646 936 Insubres

356 969 538 1020 negare
558 954 602 1003 se
626 953 704 1002 sua
718 951 1006 1002 deserturos.
1027 951 1100 1001 Ita
1114 951 1273 1002 divisae
1288 953 1468 1018 copiae,
1488 952 1647 1002 Boiis-·

357 1038 454 1087 que
483 1023 530 1070 in
565 1040 734 1089 agrum
767 1021 900 1070 suum
931 1021 1185 1071 tutandum
1218 1020 1477 1087 profeffis,
1505 1020 1648 1070 Insu-

353 1089 468 1139 bres
504 1107 615 1138 cum
638 1088 940 1139 Cenomanis
975 1088 1114 1156 super
1147 1091 1300 1138 amnis
1329 1089 1502 1138 Mincii
1518 1090 1648 1154 ripas

356 1157 700 1208 consederunt.
732 1156 862 1207 Infra
895 1173 1008 1207 eum
1044 1158 1210 1207 locum
1251 1159 1462 1223 quinque
1495 1159 1654 1217 millia,

357 1225 573 1293 passuum
597 1227 650 1276 &
682 1226 846 1276 consul
880 1224 1139 1276 Cornelius
1172 1225 1332 1275 eidem
1355 1225 1543 1275 flumini
1562 1245 1646 1276 ca-

356 1295 449 1344 stra
490 1296 723 1363 applicuit
756 1313 767 1344 τ
799 1295 911 1345 inde
940 1294 1184 1344 mittendo
1213 1296 1261 1343 in
1293 1297 1432 1344 vicos
1465 1292 1644 1346 Ceno-

357 1381 615 1413 manorum
637 1363 974 1431 Brixiamque,
1007 1363 1142 1431 quod
1165 1378 1308 1430 caput
1326 1366 1481 1431 gentis
1506 1378 1607 1413 erat
1624 1400 1642 1425 ,

354 1446 409 1482 ut
443 1432 550 1481 satis
581 1435 819 1499 comperit
837 1472 851 1494 ‚
879 1451 979 1482 non
1008 1449 1068 1481 ex
1097 1430 1377 1482 au&oritate
1398 1431 1645 1482 seniorum.

353 1499 665 1565 juventutem
697 1504 745 1550 in
780 1503 921 1551 armis
956 1499 1085 1559 esse,
1124 1517 1216 1550 nec
1250 1500 1450 1567 publico
1482 1498 1643 1550 confi-

355 1571 423 1620 lio
454 1569 720 1619 Insubrium
744 1568 1006 1620 defeffioni
1037 1568 1357 1636 Cenomanos
1385 1567 1431 1617 se
1463 1567 1642 1632 adjun-

354 1638 468 1688 xisse
488 1655 502 1698 ;
530 1639 697 1688 excitis
718 1638 778 1687 ad
801 1638 849 1687 se
869 1637 1192 1704 principibus,
1208 1637 1259 1685 id
1278 1653 1423 1704 agere
1449 1653 1505 1685 ac
1522 1654 1642 1687 mo-

353 1708 427 1757 liri
454 1710 606 1774 coepit
624 1744 638 1768 ,
666 1720 716 1755 ut
743 1706 1059 1756 desciscerent
1082 1706 1141 1755 ab
1163 1705 1430 1755 Insubribus
1461 1703 1642 1756 Ceno-

355 1777 490 1825 mani
511 1813 526 1834 ,
565 1776 616 1824 &
647 1774 789 1843 signis
817 1775 1011 1825 sublatis
1031 1813 1045 1836 ‚
1070 1789 1149 1825 aut
1178 1774 1357 1824 domos
1392 1773 1640 1836 redirent,

354 1861 438 1895 aut
476 1844 536 1894 ad
567 1842 821 1894 Romanos
844 1841 1114 1893 transirent.
1149 1841 1208 1891 Et
1242 1843 1293 1892 id
1326 1842 1525 1910 quidem
1544 1844 1639 1892 im-

354 1914 532 1981 perrari
575 1914 757 1979 nequiit
792 1930 802 1962 :
835 1914 884 1961 in
922 1912 973 1961 id
1012 1911 1123 1961 data
1168 1909 1290 1961 fides
1319 1909 1503 1961 consuli
1536 1911 1666 1974 est‚·

353 1998 405 2031 ut
441 1982 488 2030 in
521 1983 623 2031 acie
655 1996 734 2030 aut
770 1979 1103 2048 quiescerent,
1144 1995 1224 2029 aut
1248 2018 1263 2040 ‚
1292 1978 1326 2028 fi
1362 1997 1456 2047 qua
1491 1981 1640 2029 etiam

353 2048 547 2101 occasio
584 2048 737 2099 fuisset
756 2086 771 2110 ,
801 2049 1089 2116 adjuvarent
1119 2046 1391 2098 Romanos.
1426 2047 1545 2097 Haec
1572 2049 1639 2099 ita

351 2116 631 2190 convenisse
664 2116 883 2167 Insubres
905 2117 1195 2185 ignorabant
1222 2136 1232 2166 ε
1259 2116 1447 2166 suberat
1471 2130 1638 2167 tamen

351 2186 573 2254 quaedam
590 2184 791 2252 suspicio
809 2188 977 2236 animis
994 2223 1010 2247 ,
1026 2186 1186 2251 labare
1205 2184 1357 2235 fidem
1379 2184 1649 2253 sociorum.⁴

350 2255 520 2324 Itaque
546 2271 694 2321 quum
732 2256 780 2303 in
813 2256 964 2304 aciem
1001 2253 1301 2314 eduxissent,
1333 2268 1558 2309 neutrum
1580 2254 1650 2303 iis·

351 2342 506 2374 cornu
536 2323 842 2373 committere
875 2321 998 2383 ausi,
1029 2340 1092 2373 ne
1112 2361 1127 2383 ‚
1153 2322 1188 2372 si
1221 2321 1341 2372 dolo
1370 2319 1636 2382 ceffiffent‚

353 2410 460 2444 rem
500 2405 654 2441 totam
689 2392 1007 2453 inclinarent,
1045 2389 1151 2459 post
1183 2389 1312 2458 signa
1338 2390 1389 2439 in
1422 2388 1637 2440 subsidiis

353 2480 440 2513 eos
470 2461 764 2510 locaverunt.
799 2458 985 2511 Consul
1022 2460 1259 2526 principio
1288 2476 1459 2526 pugnae
1495 2459 1636 2510 vovit

350 2530 512 2582 aedem
549 2526 750 2594 Sospitae
772 2527 952 2579 Junoni
969 2566 984 2589 ,
1014 2527 1048 2576 fi
1077 2545 1138 2577 eo
1165 2528 1241 2578 die
1266 2526 1423 2577 hostes
1446 2525 1533 2575 fufi
1555 2524 1631 2575 fu·

350 2600 546 2668 gatique
567 2595 732 2646 essent.
747 2595 791 2644 A
807 2596 1035 2645 militibus
1051 2596 1234 2646 clamor
1247 2595 1451 2645 sublatus
1464 2633 1479 2655 ‚
1497 2611 1631 2643 com-

350 2682 523 2740 potem
553 2666 660 2719 voti
703 2663 952 2718 consulem
983 2663 1031 2717 se
1061 2663 1303 2731 fasturoe,
1337 2672 1382 2717 &
1421 2665 1654 2741 impetus¹

663 2768 667 2769 a
1576 2746 1632 2792 ιη
