1680 3052
313 121 361 184 L
403 139 428 181 1
471 137 508 180 Β
554 134 590 179 ε
633 135 675 178 R
757 115 1096 177 XXXII.
1230 132 1341 193 127

63 216 99 257 fa
119 206 170 273 [ὲ
201 207 296 274 ipso
331 220 493 283 capras
518 201 623 268 jure
653 200 763 248 belli
794 200 991 259 habeat,
1019 217 1081 246 an
1111 197 1173 247 iis
1204 201 1541 259 etiamU.c.555.

67 294 186 342 quas
213 295 241 323 a
273 274 525 340 m'aJorzbus
546 270 650 336 suis
683 266 934 333 accepiffi’t.

133 341 352 391 XXXV.
385 339 661 390 Parantibus
685 335 878 384 Achaeis
901 329 1171 397 AEtolisque
1196 331 1256 379 ad
1284 348 1342 380 ea

64 410 358 476 respondere
391 445 406 468 ‚
451 424 598 474 quum
637 413 794 470 prope
835 398 1054 451 occasum
1087 399 1155 447 sol
1189 397 1303 446 effet
1326 435 1341 458 ‚

65 479 217 527 dilato
251 481 299 526 in
332 474 576 543 posterum
610 474 738 521 diem
772 469 1018 537 colloquio
1040 504 1056 528 ‚
1093 466 1341 531 Philippus

62 547 113 594 in
146 544 399 594 stationem
433 559 493 591 ex
529 559 621 609 qua
659 538 904 606 profecius
946 550 1047 586 erat
1077 571 1091 594 ‚
1127 532 1341 582 Roman}

61 612 274 679 sociique
298 614 347 660 in
368 609 534 660 Castra
557 608 817 658 redierunt.
840 621 862 672 3
887 603 1123 670 Quintius
1143 601 1341 668 postero

63 681 143 729 die
178 681 238 728 ad
269 678 487 728 Nicaeam
518 677 595 743 (is
635 678 766 725 enim
799 676 933 724 locus
969 668 1254 739 placuerat)
1280 668 1341 717 ad

1352 263 1543 314 a.C.197.

1420 677 1543 720 Alter

61 746 370 797 constitutum
399 762 590 812 tempus
616 746 769 795 venit.
791 759 825 804 4
843 741 1051 807 Philippi
1079 739 1236 788 nullus
1265 736 1339 786 us-
1352 737 1543 804 colloquii

61 833 207 883 quam
240 853 255 875 ,
299 832 389 864 nec
421 816 623 863 nuncius
661 811 720 860 ab
758 829 821 860 eo
859 826 947 877 per
978 809 1163 873 aliquot
1196 807 1338 856 horas
1352 800 1449 842 “⁷1³⁵-

59 883 319 933 veniebat:
342 882 393 932 &
421 880 518 946 jam
551 878 913 946 desperantibus
943 891 1200 926 venturum
1220 913 1234 934 ‚
1254 891 1341 923 re-

60 951 206 1018 pente
231 961 553 1015 apparuerunt
585 964 754 996 naves.
784 947 947 1011 Atque
972 943 1070 1010 ipse
1106 942 1303 1008 quidem
1323 978 1341 1003 ,

63 1024 219 1085 Quum
256 1035 347 1065 tam
374 1018 541 1084 gravia
563 1017 607 1065 δ’
630 1016 820 1081 indigna
850 1016 1178 1078 imperarentur
1194 1048 1207 1070 ‚
1232 1012 1342 1060 ino-—

52 1103 158 1153 pem
194 1085 369 1151 consilii
408 1088 524 1134 diem
562 1083 613 1147 se
650 1080 955 1148 conficmpfiffi
995 1081 1287 1127 deliberando
1324 1114 1341 1138 ,

57 1154 237 1203 aiebat.
264 1152 432 1219 Vulgo
466 1151 750 1201 credebatur
770 1186 784 1209 ‚
809 1151 870 1199 de
905 1147 1130 1197 industria
1158 1163 1260 1196 rem
1289 1148 1341 1195 in

57 1221 215 1272 serum
244 1219 441 1270 traclam
463 1255 478 1280 ,
500 1236 563 1268 ne
594 1232 786 1285 tempus
826 1218 924 1266 dari
960 1213 1114 1281 posset
1147 1214 1340 1264 Achaeis

62 1288 331 1354 AEtolisque
352 1289 413 1338 ad
431 1286 820 1354 respondendum
835 1301 845 1334 ε
860 1284 912 1333 &
928 1300 1036 1332 eam
1055 1283 1343 1349 opinionem

60 1357 160 1423 ipse
186 1356 443 1407 affirmavit
461 1393 476 1416 ‚
495 1355 711 1420 petendo
733 1391 748 1414 ‚
773 1367 826 1403 ut
849 1352 1099 1402 summotis
1121 1352 1220 1399 aliis
1244 1388 1259 1411 ‚
1276 1367 1341 1400 ne

57 1438 249 1490 tempus
269 1423 547 1473 altercando
578 1437 816 1472 tereretur
832 1458 850 1480 ,
867 1421 920 1470 &
952 1420 1119 1486 aliquis
1143 1417 1249 1467 finis
1269 1420 1342 1468 rei

53 1491 242 1558 imponi
266 1490 419 1557 posset
441 1528 456 1551 ‚
481 1505 502 1558 5
535 1508 646 1539 cum
669 1490 770 1557 ipso
791 1492 1086 1556 imperatore
1107 1485 1340 1537 Romano

53 1559 222 1611 liceret
253 1559 339 1608 fibi
368 1559 600 1625 colloqui.
630 1557 686 1607 Id
718 1558 879 1625 primo
908 1573 1007 1607 non
1038 1569 1294 1622 acceptum
1322 1591 1340 1616 ‚

54 1645 118 1679 ne
151 1627 341 1677 excludi
378 1627 627 1693 colloquio
664 1627 947 1676 viderentur
986 1623 1101 1675 socii
1126 1623 1339 1674 :deinde

53 1712 203 1761 quum
229 1695 358 1745 haud
381 1694 621 1745 abfisteret
648 1709 818 1762 petere
836 1732 851 1756 ‚
881 1711 943 1744 ex
973 1694 1193 1743 omnium
1215 1709 1339 1741 con-

52 1762 154 1814 filio
172 1800 188 1825 ‚
208 1762 461 1814 Romanus
491 1765 759 1830 imperator
793 1780 902 1812 cum
928 1762 1099 1828 Appio
1124 1759 1338 1811 Claudio

52 1831 251 1881 tribuno
284 1832 491 1882 militum
515 1869 530 1891 ,
561 1833 736 1882 ceteris
767 1830 1017 1880 summotis
1036 1867 1052 1891 ,
1080 1827 1142 1878 ad
1172 1842 1339 1878 extre-

54 1916 189 1949 mum
218 1900 348 1949 littus
377 1898 624 1966 proceffit.
647 1899 755 1949 Rex
780 1899 811 1949 6
831 1917 941 1948 curn
964 1897 1153 1947 duobus
1173 1933 1189 1957 ,
1212 1914 1336 1963 quos

53 1968 209 2036 pridie
250 1967 532 2018 adhibuerat
553 2005 569 2030 ‚
611 1969 659 2017 in
692 1982 872 2018 terram
902 1965 971 2018 est
1004 1963 1229 2034 egreffuS.
1259 1963 1334 2014 Ibi

120 2116 140 2158 3
164 2104 352 2163 Quintius
366 2106 519 2160 postero
536 2107 597 2147 die
613 2107 666 2146 ad
726 2105 875 2162 aliquid
897 2104 1106 2161 depravati
1121 2104 1291 2145 habent.

55 2166 267 2222 Nicaeam.]
283 2167 458 2209 Videtur
472 2167 535 2207 hic
553 2168 662 2208 dees·
792 2182 810 2219 5
838 2170 928 2208 Cum
946 2165 1030 2224 ipso
1051 2160 1333 2221 imperatore-J

53 2228 94 2271 se
129 2229 281 2270 iterum.
316 2227 512 2285 Polybius
543 2230 664 2271 habet
726 2232 823 2275 Vox
858 2227 942 2285 ipso
976 2228 1139 2282 adjuvat
1173 2227 1338 2267 senten·

52 2289 209 2339 πάλιν.
725 2293 819 2334 tiam
841 2320 852 2340 ,
882 2301 1078 2345 notatque
1109 2289 1234 2330 solum
1262 2302 1336 2327 ex·

112 2371 142 2408 4
186 2357 367 2413 Philippi
410 2358 542 2398 nullus
594 2356 659 2413 us·
725 2355 850 2410 petia
870 2352 1054 2407 Philippo
1078 2349 1290 2403 Quintium
1316 2373 1328 2393 2

54 2433 164 2473 quam
184 2448 195 2464 ‚
220 2434 289 2460 nec
310 2420 469 2460 nuncius
492 2419 538 2459 ab
559 2433 621 2461 eo.
642 2418 657 2470 ]
722 2415 842 2457 nullis
867 2414 983 2455 sociis
1014 2412 1198 2455 cinclum.

55 2479 198 2520 Sensus
228 2482 355 2522 clarus
378 2481 432 2522 est
450 2510 460 2530 ,
481 2495 624 2533 nempe
644 2505 656 2526 ,
784 2477 808 2517 6
826 2479 915 2517 Cum
934 2474 1079 2515 duobus
1094 2487 1185 2527 quos
1200 2469 1329 2525 pridie

53 2554 128 2592 per
154 2542 304 2595 aliquot
330 2543 448 2583 horas
475 2557 548 2584 nec
565 2542 658 2583 Phi-
722 2536 1076 2579 adhibuerat.vid.
1098 2545 1185 2576 not.
1219 2543 1260 2587 3,
1279 2532 1327 2571 ad

50 2602 203 2654 lippum
238 2603 360 2655 ipsum
390 2631 400 2649 ‚
444 2618 517 2645 nec
552 2618 657 2643 nun·
724 2612 777 2655 32
800 2627 814 2649 ,
849 2600 977 2654 supra.

47 2663 156 2708 cium
185 2664 232 2704 ab
269 2677 318 2707 eo
350 2665 486 2708 visum.
518 2665 658 2712 Verba
941 2713 980 2767 F
999 2716 1009 2726 ⁶

998 2731 1049 2766 IV
