1680 3052
279 124 637 188 LIBER
724 124 1079 184 XXXIV.
1209 149 1322 207 231

5 206 104 263 ”in
143 225 438 279 quemquam
475 208 696 256 omniurn
740 208 931 273 gravius
981 208 1284 276 severiusque
1315 225 1543 280 ‚1J‚c,1‚-57,¹

51 279 197 344 quem
216 281 265 328 in
281 275 583 341 semetipsum
603 313 617 335 ‚
636 277 894 339 imperium
915 291 1166 324 exerceret
1185 294 1198 333 3
1221 296 1331 342 par·
1346 283 1545 340 a.C.195.

53 346 251 397 fimonifi
271 384 286 408 ,
316 347 366 395 &
396 344 568 412 vigiliis
588 380 602 403 ,
636 342 874 391 &labore
909 359 1017 389 cum
1045 342 1223 393 ultimis
1244 348 1334 393 mi-

51 415 189 464 litum
225 425 462 471 certaret3
492 428 583 459 nec
615 412 874 476 quicquam
905 412 953 457 in
991 412 1208 459 exercitu
1244 411 1329 463 suo

50 485 311 548 praecipui,
343 493 517 548 praeter
557 478 799 528 honorem
848 492 995 545 atque
1034 480 1333 544 imperium,

49 550 268 599 haberet.
1150 604 1152 606 ,

115 616 253 668 ΧΙΧ.
286 613 544 665 Difficilius
572 614 758 664 bellum
785 615 833 662 in
870 612 1170 663 Turdetania
1201 632 1330 681 prae-
1342 637 1539 693 Aliaeejug

47 687 142 734 tori
189 684 242 734 P.
288 683 479 733 Manlio
514 680 783 742 Celtiberi,
814 683 1042 731 mercede
1078 685 1222 732 exciti
1267 684 1327 732 ab
1343 702 1508 754 expedio

45 751 254 803 hostibus
274 790 289 813 ,
321 751 436 800 ficut
464 752 575 800 ante
604 749 779 799 dietum
812 749 908 811 est,
941 750 1488 811 faci‘ebant3itanioaes,

44 837 138 887 que
170 822 230 871 eo
269 819 469 878 consul,
503 817 744 867 arcessitus
770 819 938 867 litteris
971 821 1190 884 praetoris
1210 857 1223 879 ‚
1253 820 1329 869 le-

43 890 213 956 giones
251 888 397 937 duxit.
427 886 527 935 Ubi
563 889 626 936 eo
661 888 825 944 venit,
852 885 1036 953 (castra
1071 887 1330 953 separatim

44 955 281 1006 Celtiberi
311 955 362 1003 &
391 954 663 1004 Turdetani
693 953 974 1020 habebant)
998 973 1106 1003 curn
1127 954 1330 1005 Turde-

0 1017 14 1091 ἦ,
44 1026 166 1074 tanis
203 1025 453 1091 extemplo
483 1024 608 1072 levia
643 1022 805 1089 praelia
845 1022 1136 1072 incursantes
1169 1026 1216 1072 in
1246 1023 1334 1073 sta·

0 1086 12 1154 ’μ’
43 1094 206 1142 tiones
241 1110 411 1142 eorum
438 1090 650 1140 Romani
690 1090 848 1139 facere
885 1108 896 1139 z
933 1090 1218 1158 semperque
1253 1095 1331 1142 vi*-

45 1159 202 1210 &ores
246 1179 306 1210 ex
357 1162 575 1226 quamvis
626 1174 814 1208 temere
851 1174 1016 1224 coepto
1065 1163 1328 1211 certamine

42 1229 193 1278 abire.
241 1228 322 1278 Ad
365 1227 644 1277 Celtiberos
682 1229 730 1274 in
763 1226 1063 1293 colloquium
1108 1228 1331 1279 tribunos-

0 1306 6 1352 }
41 1298 250 1345 militum
284 1299 353 1346 ire
386 1295 582 1351 consul,
625 1309 768 1361 atque
807 1296 863 1343 iis
906 1296 1048 1343 trium
1083 1297 1329 1347 conditio·

0 1385 4 1421 l
40 1381 158 1412 num
182 1364 470 1414 eleffionem
493 1363 620 1413 ferre
642 1401 657 1423 ‚
685 1363 838 1428 jubet.
861 1360 1068 1411 Primam
1087 1402 1101 1423 ‚
1120 1363 1154 1412 si
1173 1365 1327 1414 trans-

0 1428 3 1495 l
37 1432 108 1481 ire
145 1434 205 1481 ad
223 1431 475 1482 Romanos
505 1431 660 1482 velint
681 1469 696 1489 ‚
731 1432 783 1480 &
817 1430 998 1496 duplex
1029 1430 1322 1497 stipendium

0 1503 1 1506 ’
40 1502 294 1566 accipere,
329 1499 475 1567 quum
507 1514 739 1566 quantum
781 1516 808 1547 a
840 1496 1133 1548 Turdetanis
1173 1504 1321 1566 pepi·

38 1567 206 1635 gissent
242 1586 253 1617 :
287 1570 519 1627 alteram,
549 1566 581 1616 fi
602 1567 779 1616 domos
799 1566 931 1617 abire
950 1606 965 1627 ‚
997 1567 1190 1633 public&
1221 1568 1325 1619 fide·

35 1637 269 1702 εεςερῑὲι,
305 1637 418 1685 nihil
454 1653 562 1685 eam
598 1652 703 1686 rem
737 1654 877 1684 noxae
915 1635 1159 1696 futuram,
1184 1639 1320 1703 quod

37 1702 250 1777 hostibus
280 1704 325 1753 se
346 1704 684 1754 Romanorum
708 1701 965 1768 junxissent
998 1720 1009 1752 z
1036 1706 1225 1754 tertiam
1246 1743 1260 1765 ‚
1281 1706 1322 1756 st

36 1775 201 1839 utique
221 1773 402 1823 bellum
435 1773 625 1839 placeat
645 1810 661 1833 ‚
697 1774 828 1821 diem
855 1773 1114 1837 locumque
1145 1773 1323 1822 consti·

33 1852 199 1901 tuant,
231 1841 311 1890 ubi
342 1841 502 1890 secum
537 1842 678 1890 armis
716 1840 995 1890 decernant.
1018 1840 1066 1888 A
1090 1839 1320 1893 Celtibe-

29 1910 96 1957 ¹ris
135 1910 238 1958 dies
272 1910 332 1958 ad
358 1909 726 1958 consultandum
745 1910 894 1975 petita
913 1926 928 1966 ς
948 1910 1204 1958 concilium
1224 1912 1321 1959 im„

31 1975 181 2026 mistis
217 1976 510 2027 Turdetanis
546 1978 758 2026 habitum
780 1989 959 2044 magno
993 1995 1101 2026 cum
1134 1981 1317 2028 tumul·

31 2058 84 2093 tu
113 2068 126 2098 ε
159 2062 222 2094 eo
255 2047 407 2094 minus
432 2047 628 2096 decerni
651 2048 908 2113 quicquam
934 2049 1113 2111 potuit.
1140 2046 1315 2112 Quum

31 2111 269 2162 incertum
289 2152 304 2175 ,
327 2114 506 2164 bellum
539 2134 597 2164 an
631 2134 722 2181 pax
741 2133 850 2163 cum
871 2113 1133 2164 Celtiberis
1162 2114 1278 2166 esset
1296 2154 1315 2179 5

33 2197 338 2232 commeatus
365 2197 524 2232 tamen
548 2222 562 2243 ‚
589 2183 718 2232 haud
752 2183 883 2232 secus
913 2183 1058 2249 quem
1078 2186 1127 2231 in
1161 2202 1314 2249 pace,

32 2264 93 2298 ex
110 2252 232 2318 agris
257 2250 552 2318 castellisque
566 2250 767 2301 hostium
786 2252 999 2301 Romani
1019 2252 1278 2318 portabant
1297 2270 1320 2313 3

33 2317 146 2366 dein
177 2319 298 2384 saepe
332 2321 629 2368 munimenta
661 2337 862 2380 eorum,
898 2320 1034 2369 velut
1063 2323 1312 2369 communi

31 2385 175 2450 paeto
215 2391 512 2438 commercio
547 2391 740 2454 privatis
767 2389 971 2438 induciis
991 2427 1005 2448 ‚
1038 2389 1315 2455 ingredien-

32 2467 126 2503 tes.
163 2452 345 2506 Consul
374 2457 457 2508 ubi
495 2456 654 2508 hostes
687 2458 748 2508 ad
783 2475 997 2526 pugnam
1030 2456 1204 2507 elicere
1224 2468 1314 2512 ne&

30 2605 202 2650 bellicas
228 2621 294 2649 res
321 2611 536 2651 transferat
568 2610 636 2652 Li·
697 2610 893 2668 judicavit
920 2609 1157 2667 particulam
1181 2608 1308 2656 velate·

32 2668 124 2725 ‚vius
151 2696 166 2732 ρ
212 2669 311 2716 ideo
356 2674 636 2729 apponendam
