1680 3052
319 128 396 189 82
583 128 1365 193 T1*T1L1VJ1‘

113 209 500 281 U.c.553‚tradit‚
535 210 619 274 &‚
651 214 762 280 quia
795 214 929 264 τεᾶο
956 217 1127 266 itinere
1147 219 1416 284 nequierit,
1451 221 1634 271 omn&

114 277 409 338 a.C.199.bus
443 300 479 330 a*
502 299 618 350 rege
652 280 828 333 inseffis
851 321 867 343 ,
901 283 1118 333 secutum
1140 287 1321 335 vallem
1346 303 1432 354 per
1465 307 1618 356 quam·

315 350 533 401 mediam
565 350 719 401 fertur
754 350 893 400 Aous
923 354 1079 403 amnis
1100 391 1116 415 ‚
1148 369 1304 420 ponte
1326 357 1502 422 raptim
1536 357 1616 406 fa-

314 418 393 470 ἑὶο
414 457 429 479 ,
466 421 515 468 in
546 421 703 486 ripam
736 421 786 467 in
811 436 906 484 qua
937 435 1075 470 erant
1113 420 1260 472 castra
1288 426 1420 491 regia
1450 426 1614 474 trans-

309 487 520 556 gressum
540 526 554 549 ‚
591 490 693 537 acie
722 486 985 539 conflixisse
1019 507 1030 537 z
1068 488 1222 538 fusum
1245 529 1261 553 ‚
1293 490 1613 560 fugatumque

309 573 480 625 regem
501 593 517 618 ,
553 554 712 605 castris
745 571 982 607 exutum:
1020 557 1286 608 duodecim
1322 561 1475 611 millia
1509 562 1611 613 ho-

309 623 452 675 stium
486 640 548 674 eo
581 624 748 691 praelio
786 623 904 674 caesa
926 663 942 686 ,
975 641 1114 693 capta
1152 627 1250 677 duo
1271 629 1419 679 millia
1444 630 1495 680 &
1517 631 1613 681 du-

310 709 519 755 centos,
561 693 614 742 &
646 692 779 761 figna
821 693 1046 744 militaria
1084 711 1279 745 centum
1314 699 1510 765 triginta
1553 700 1608 750 &

307 763 447 824 duo,
490 779 644 830 equos
700 762 937 812 ducentos
983 766 1218 831 triginta:
1257 765 1415 814 aedem
1459 768 1608 818 etiam

307 830 425 880 Jovi
458 832 506 879 in
542 831 711 898 praelio
735 845 904 881 votam
924 869 940 893 ‚
973 831 1007 880 fi
1032 850 1107 882 res
1138 832 1369 900 prospere
1391 834 1520 902 gesta
1537 836 1609 885 es-

308 899 395 949 set.
427 898 598 950 Ceteri
623 899 786 950 Graeci
816 899 1072 968 Latinique
1099 902 1319 951 auclores
1342 940 1358 963 ‚
1392 922 1606 970 quorum
1662 926 1674 947 x

307 969 508 1034 quidem
546 983 642 1035 ego
677 969 775 1037 legi
803 970 1029 1031 annales,
1070 971 1188 1019 nihil
1223 973 1544 1022 memorabile
1578 990 1610 1023 a

306 1036 462 1088 Villio
500 1037 658 1086 affilum
684 1075 698 1097 ,
738 1040 1078 1105 integrumque
1122 1039 1308 1089 bellum
1345 1039 1606 1109 insequen-

305 1118 409 1156 tem
475 1105 724 1156 consulem
772 1105 841 1157 T.
890 1106 1150 1172 Quintium
1202 1107 1435 1175 accepisse
1496 1122 1608 1159 tra-

308 1174 451 1224 dunt.

379 1242 493 1294 VII.
511 1243 650 1293 Dum
678 1244 780 1293 haec
801 1245 850 1292 in
874 1243 1174 1295 Macedonia
1199 1257 1455 1312 geruntur,
1480 1262 1606 1295 con-

91 1311 376 1397 ‘Censoresffil
421 1315 543 1362 alter
575 1314 629 1362 L.
676 1313 1058 1380 Lentulus‚,qui
1092 1314 1266 1363 Romae
1297 1313 1563 1363 substiterat
1584 1350 1607 1376 ,

102 1409 233 1445 crean'
312 1385 510 1432 comitia
543 1382 818 1432 censoribus
844 1383 1063 1432 creandis
1098 1383 1280 1432 habuit.
1307 1382 1477 1432 Multis
1501 1383 1603 1432 cla-

102 1454 371 1520 Scip2049ris
398 1453 675 1520 petentibus
705 1453 852 1509 viris,
884 1453 1030 1500 creati
1059 1450 1281 1501 censores
1318 1449 1371 1498 P.
1406 1449 1601 1500 Corne·

101 1524 260 1573 AElius.
306 1521 395 1570 lius
436 1520 602 1587 Scipio
639 1518 925 1581 Africanus,
963 1520 1015 1568 &
1053 1519 1104 1569 P.
1135 1520 1288 1569 AElius
1318 1517 1493 1568 Paetus.
1529 1519 1603 1570 Hi

302 1590 482 1658 magna
511 1591 636 1638 inter
663 1588 709 1638 se
747 1588 1012 1638 concordi&
1035 1626 1052 1647 ,
1090 1589 1142 1637 &
1168 1588 1386 1638 senatum
1415 1586 1513 1636 fine
1532 1588 1605 1636 ul·

301 1659 392 1707 lius
433 1674 550 1708 nota
579 1659 833 1725 legerunt,
868 1657 921 1706 &
953 1659 1171 1724 portoria
1205 1656 1454 1706 venalium
1492 1654 1610 1705 Ca-'

298 1745 410 1794 puae
435 1726 740 1793 Puteolisque
759 1764 773 1787 ,
792 1729 912 1775 item
936 1743 968 1786 4
991 1724 1269 1775 Castrorum
1293 1725 1564 1792 portorium
1580 1762 1605 1786 ,0

299 1814 399 1862 quo
431 1798 480 1845 in
511 1797 626 1845 loco
662 1813 788 1843 nunc
823 1794 1063 1861 oppidum
1097 1793 1200 1852 est,
1231 1793 1493 1853 fruendum
1518 1793 1596 1850 lof-

298 1881 469 1913 carunt
499 1883 509 1913 ε
546 1864 847 1930 colonosque
870 1865 932 1912 eo
964 1877 1214 1912 trecentos
1240 1864 1260 1928 (
1283 1864 1319 1911 is
1346 1863 1475 1911 enim
1502 1880 1604 1911 nu·-

296 1950 461 1984 merus
511 1931 669 1982 finitus
716 1934 776 1982 ab
818 1931 982 1982 senatu
1024 1930 1166 1999 erat)
1206 1930 1598 1997 adscripserunt,
1631 1972 1635 1977 .

358 2087 388 2124 4
409 2075 626 2125 Castrorum
641 2071 912 2129 portorium]
978 2072 1131 2113 stellum
1161 2071 1212 2111 ad
1241 2069 1379 2112 ostium
1399 2069 1601 2113 Vulturni

296 2138 517 2188 Castrorum
535 2138 698 2177 nornine
713 2135 778 2176 hic
797 2137 915 2177 intel·
979 2134 1270 2176 communitum
1326 2148 1346 2173 a
1371 2133 1515 2173 Fulvio
1551 2133 1595 2174 &

292 2199 456 2254 ligenda
477 2200 668 2239 videntur
690 2200 755 2239 vel
779 2199 916 2250 Castra
978 2196 1154 2237 Claudio
1183 2195 1277 2236 coff.
1304 2193 1419 2246 cujus
1439 2194 1602 2236 mentio

294 2263 521 2302 Claudiana
544 2290 554 2309 ,
578 2275 665 2315 quae
697 2261 781 2314 ipso
806 2260 911 2301 Can·
976 2258 1021 2299 fit
1037 2288 1048 2306 ‚
1069 2261 1094 2298 l.
1113 2258 1239 2300 XXV
1257 2290 1268 2308 ,
1289 2271 1325 2297 c.
1351 2270 1422 2296 20.
1443 2256 1599 2304 Porro,-

290 2322 423 2364 menfis
453 2324 575 2363 cladis
605 2338 710 2362 anno
733 2323 907 2363 Marcel·
972 2320 1078 2376 quod
1116 2320 1298 2376 portoria
1328 2317 1392 2358 hic
1422 2319 1600 2360 fruenda
1672 2369 1674 2371 ‚

291 2386 356 2427 lus
374 2385 634 2432 communiit,
655 2385 710 2439 (l.
732 2385 907 2432 XXIII,
971 2385 1159 2424 locantur
1180 2397 1201 2422 a
1226 2381 1459 2421 censoribus
1484 2410 1494 2429 ,
1530 2381 1597 2421 in·-

293 2462 334 2494 ς.
363 2461 415 2500 17
435 2447 477 2502 ,)
509 2463 553 2489 ac
577 2447 722 2487 deinde
745 2461 816 2501 per
836 2441 910 2486 al}-
971 2444 1180 2500 telligendi
1206 2444 1293 2483 sunt
1312 2442 1499 2484 censores
1523 2443 1590 2483 Io-

289 2522 394 2566 quot
428 2510 644 2551 continuos
681 2523 808 2549 annos
841 2522 907 2563 ap·
975 2506 1074 2548 casse
1117 2505 1339 2560 publicanis
1388 2505 1595 2561 exigenda»

288 2574 417 2627 pellat
440 2572 659 2612 identidem
679 2571 814 2611 Livius
844 2570 903 2610 us·
968 2568 1176 2624 veffigalia
1203 2582 1252 2609 ex
1281 2569 1326 2608 iis
1353 2568 1471 2621 rebus
1494 2581 1592 2622 quae÷

289 2648 370 2689 que
389 2636 436 2674 ad
452 2633 698 2675 obsidionem
717 2633 868 2687 Capuae
889 2645 907 2674 t
967 2631 1008 2671 in
1038 2631 1140 2672 Iocis
1168 2631 1401 2677 memoratis
1431 2629 1593 2683 vende-5

290 2696 357 2751 ως
376 2695 504 2746 XXV
518 2724 533 2749 ,
548 2710 590 2744 ς,
609 2693 734 2751 223..)
754 2695 825 2740 vel
840 2707 905 2755 cag
965 2702 1130 2746 rentur,
