1680 3052
283 134 639 193 141ssssst
720 129 1064 191 XXXII.
1232 143 1316 212 99

37 214 268 268 introrsus
307 213 554 265 ordinibus
589 212 692 261 acie
725 208 948 270 firmata,
985 229 1135 278 quum
1161 215 1316 263 trans-
1330 225 1524 278 [Lm-5543

43 286 252 336 cendere
290 285 445 334 ruinas
484 279 724 331 sensissent
757 277 1047 339 Romanos,
1096 296 1181 344 per
1216 280 1524 334 im-a.c.198.

44 355 262 422 peditum
294 371 348 401 ac
378 348 621 400 difficilem
649 347 710 396 ad
745 362 995 414 receptum
1030 348 1192 395 locum
1231 365 1322 396 ex..

46 423 287 490 pulerunt.
306 419 361 469 ld
381 416 544 467 consul
567 416 690 484 aegre
714 414 896 481 paffuS,
926 431 1017 464 nec
1047 431 1155 463 eam
1180 416 1323 481 igno.

45 493 244 539 miniam
292 488 352 536 ad
394 488 532 535 unius
574 485 727 534 modo
758 482 1092 550 expugnandae
1131 500 1323 533 moram

47 559 173 609 urbis
192 594 207 618 ,
240 554 322 605 sed
346 555 406 603 ad
433 553 666 602 summam
700 552 904 602 universi
934 551 1049 601 belli
1078 553 1324 619 pertinere

46 641 205 685 ratus,
238 623 372 689 quod
414 640 473 671 ex
513 622 777 671 momentis
811 637 1070 687 parvarum
1105 620 1324 686 plerum-

43 709 137 759 que
169 708 327 741 rerum
358 690 595 758 penderet
616 726 631 750 ,
659 705 867 756 purgato
902 688 1017 738 loco
1036 724 1052 748 ,
1088 690 1168 754 qui
1197 687 1322 736 stra·-

43 777 105 828 ge
138 759 349 809 semiruti
390 759 514 808 muri
553 757 818 806 cumulatus
858 771 998 817 erat,
1043 757 1210 805 turrim
1246 758 1325 805 in-

42 830 198 896 gentis
248 827 510 876 altitudinis
540 863 555 886 ‚
600 843 829 892 magnam
873 827 974 875 vim
1024 839 1325 874 armatorum

42 895 297 962 multiplici
335 895 554 944 tabulato
589 907 895 959 portantem,
933 894 1186 960 promovit
1220 909 1231 940 2
1271 893 1326 942 ὅ(

42 965 269 1013 cohortes
303 964 517 1012 invicem
543 961 625 1011 sub
653 961 822 1028 signi5‚
843 979 949 1028 quae
979 977 1184 1010 cuneum
1213 960 1329 1010 Ma·

42 1032 288 1081 cedonum
307 1069 322 1092 ,
343 1037 363 1092 ζ
383 1031 673 1098 phalangem
696 1027 783 1095 ipfi
811 1027 1025 1096 vocant)
1047 1027 1079 1077 st
1100 1028 1327 1095 possent,'

41 1102 92 1150 vi
126 1114 498 1166 perrumperent
519 1136 534 1159 ‚
565 1098 834 1147 emittebat.
871 1096 971 1146 Sed
1002 1097 1063 1146 ad
1097 1099 1206 1147 loca
1239 1116 1327 1146 an·

42 1167 174 1235 gusta
195 1207 208 1229 ‚
238 1168 366 1217 haud
397 1167 491 1216 late
523 1180 720 1232 patente
755 1166 1011 1215 intervallo
1045 1166 1188 1215 diruti
1219 1185 1329 1216 rnu-

42 1239 83 1284 ri
112 1274 128 1296 ‚
181 1254 332 1304 genus
396 1251 641 1285 armorum
682 1250 953 1300 pugnaeque
1003 1233 1124 1282 hosti
1168 1236 1326 1299 aptius

44 1318 147 1352 erat
178 1322 189 1352 t
224 1305 305 1352 ubi
344 1303 551 1352 conferti
590 1300 741 1351 hastas
769 1304 974 1368 ingentis
1007 1301 1326 1369 longitudinis

43 1388 143 1437 prae
185 1371 230 1421 se
271 1370 575 1421 Macedones
617 1368 925 1434 objeciffent‚
961 1370 1097 1420 velut
1123 1373 1171 1419 in
1200 1389 1327 1420 con-

43 1438 263 1488 struGtam
297 1439 528 1489 denfitate
577 1438 865 1505 clypeorum
898 1437 1185 1488 testudinem
1218 1439 1328 1488 Ro-

43 1510 173 1555 mani
220 1508 327 1574 pilis
375 1508 700 1575 nequicquam
745 1504 953 1568 emistis,
994 1525 1142 1573 quum
1191 1505 1328 1556 strin-

42 1574 213 1624 xissent
249 1575 469 1643 gladios,
509 1591 668 1641 neque
704 1576 940 1643 congredi
969 1578 1203 1642 propius,
1243 1592 1329 1626 ne-

45 1661 139 1710 que
172 1645 433 1709 praecidere
468 1641 619 1692 hastas
648 1658 873 1710 poterant
905 1661 915 1692 :
944 1644 996 1692 ἃ
1026 1643 1059 1692 si
1087 1660 1232 1710 quam
1256 1646 1330 1692 in-

46 1710 260 1761 cidissent
281 1750 295 1773 ‚
330 1726 411 1761 aut
452 1710 797 1779 praefregissent
817 1750 834 1771 ,
865 1710 1024 1761 hastile
1049 1711 1326 1780 fragmento

45 1780 148 1846 ipso
183 1796 324 1829 acuto
343 1818 357 1838 ,
381 1782 506 1829 inter
535 1779 711 1846 spicula
736 1782 1027 1847 integrarum
1061 1780 1294 1830 hastarum
1311 1817 1327 1842 ,

45 1862 78 1914 9
101 1849 236 1897 velut
252 1849 434 1898 vallum
467 1849 713 1915 explebat.
744 1848 826 1897 Ad
853 1849 945 1897 hoc
979 1848 1029 1896 ὅ(
1062 1850 1186 1898 muri
1217 1868 1327 1916 pars

46 1916 204 1964 adhuc
235 1919 422 1983 integra
441 1954 456 1976 ‚
498 1931 699 1983 utraque
729 1933 831 1966 tuta
864 1915 1112 1982 praestabat
1139 1918 1325 1969 latera:

46 2001 139 2033 nec
161 2001 220 2032 ex
239 1984 386 2051 longo
406 1985 554 2051 spatio
577 2001 656 2035 aut
676 1984 948 2035 cedendum
965 2023 981 2046 ‚
1015 2001 1095 2034 aut
1121 1987 1328 2052 impetus

45 2051 295 2102 faciendus
329 2069 463 2111 erat3
493 2070 597 2120 quae
625 2070 701 2103 res
728 2056 919 2103 turbare
962 2054 1155 2103 ordines
1190 2054 1328 2105 solet.

48 2119 261 2170 Acceffit
288 2123 436 2170 etiam
461 2119 657 2171 fortuita
676 2139 750 2170 res
773 2123 834 2171 ad
854 2123 1041 2171 animos
1064 2139 1233 2172 eorum
1251 2122 1331 2172 fir·

47 2189 254 2238 mandos
285 2206 296 2237 t
328 2208 439 2238 nam
468 2206 616 2255 quum
639 2192 777 2240 turris
797 2207 882 2258 per
910 2207 1138 2258 aggerem
1159 2209 1329 2258 parum

49 2257 232 2306 densati
263 2256 351 2306 soli
381 2272 603 2324 ageretur
622 2296 637 2320 ‚
666 2274 775 2309 rota
800 2277 894 2308 una
927 2261 975 2307 in
1001 2259 1219 2309 altiorem
1245 2278 1330 2309 or-

50 2325 205 2375 bitam
242 2325 458 2394 depreffa
506 2329 569 2375 ita
591 2328 773 2376 turrim
811 2327 1088 2390 inclinavit,
1123 2344 1174 2378 ut
1213 2327 1328 2395 spe-

114 2442 141 2484 9
182 2431 302 2473 Velut
333 2431 482 2471 vallum
518 2431 659 2487 exple·-
720 2433 832 2474 bant.
860 2432 1025 2475 Vallum
1059 2446 1193 2476 autem
1230 2434 1328 2476 illud

54 2491 160 2545 bat.)
177 2494 287 2535 Valli
303 2494 462 2534 nomine
481 2493 659 2549 designat
721 2496 962 2549 explebatur
991 2496 1110 2537 etiam
1137 2511 1213 2550 per*
1228 2511 1329 2538 con-

53 2554 192 2595 Livius
223 2555 424 2608 porreftas
455 2556 660 2596 Macedo-
722 2556 799 2597 cisa
819 2556 992 2597 fraCtave
1009 2558 1158 2598 hastilia
1178 2586 1189 2605 ‚
1212 2558 1264 2598 ita
1286 2570 1330 2600 ut

52 2630 147 2656 num
193 2615 374 2663 fariffas,
418 2631 505 2670 quae
546 2618 661 2657 velut
723 2618 819 2658 nihil
870 2619 910 2658 in
955 2632 1007 2658 eo
1047 2620 1195 2666 vacui,
1229 2620 1330 2664 nihil

51 2679 161 2723 vallo
193 2678 318 2720 aciem
344 2678 503 2720 illorum
535 2678 661 2734 sepie-
723 2679 867 2722 hiantis
885 2691 952 2720 aut
973 2681 1100 2732 aperti
1119 2710 1132 2727 ‚
1153 2680 1268 2724 effet-

953 2736 1054 2804 Eij
