1680 3052
293 98 344 163 L
386 117 411 160 1
455 114 491 158 B
535 115 573 158 E
613 115 655 158 R
734 97 1189 158 XXXVIII.
1274 98 1402 179 585

113 174 205 228 &itia
228 184 417 244 oratio,
442 200 541 232 non
573 195 760 230 ceteros
789 180 976 238 modo,
996 181 1117 228 sed
1108 178 1234 245 ipsos
1264 182 1408 228 etiam
1430 199 1462 240 U
1467 210 1515 242 ς
1526 199 1618 251 (ὃς

132 248 458 299 accusatores:
491 251 543 299 &
567 249 913 297 deliberaturos
945 247 992 295 se
1014 247 1166 313 ,quid
1203 245 1307 295 sui
1296 249 1446 311 Jurisa
1452 255 1514 299 .C.
1524 255 1621 305 187
1656 272 1662 281 x

135 313 190 360 &
224 317 369 366 officii
395 315 551 378 esset,
582 317 819 365 dixerunt.
838 313 1040 364 Senatus
1068 316 1275 375 deinde,
1292 332 1413 364 con·

132 381 244 431 cilio
294 387 448 452 plebis
494 383 679 434 dimisso
712 421 727 444 ,
766 383 928 432 haberi
974 380 1041 431 est
1081 398 1303 447 coeptus·
1293 420 1307 442 ,
1343 383 1413 433 ibi

131 453 296 514 gratiae
325 455 546 520 ingentes
583 454 642 501 ab
673 451 896 501 universo
929 450 1138 511 ordine,
1171 452 1416 515 praecipue

131 533 160 562 a
214 519 535 569 consularibus
585 518 935 584 senioribusque
976 557 992 580 ,
1045 515 1126 565 Ti.
1177 514 1413 567 Graccho

130 584 246 633 3&ae
282 586 422 637 sunt·
411 624 426 648 ,
458 587 590 653 quod
625 587 970 653 rempublicam
1004 585 1201 651 privatis
1238 582 1413 632 fimul-

129 653 303 702 tatibus
345 656 591 720 potiorem
629 654 857 703 habuisset
894 671 904 701 z
947 653 998 701 ὅ(
1031 652 1202 702 Petillii
1243 654 1411 701 vexati

129 717 235 769 sunt
278 724 466 786 probris
494 760 509 783 ,
554 723 687 788 quod
728 721 977 786 splendere
1023 720 1177 769 aliena
1225 719 1411 768 invidia

122 788 422 850 'voluiffent3
457 791 509 838 ὃ(
547 790 696 854 spolia
739 789 770 837 6
808 806 866 837 ex
904 787 1120 836 Africani
1161 787 1408 853 triumpho

128 870 373 933 peterent.
408 827 663 906 Silentium
701 856 876 905 deinde
910 856 970 904 de
1005 854 1239 904 Africano
1279 854 1402 904 fuit·
1389 891 1404 915 ,

110 924 281 975 ,vitam
320 925 498 974 Literni
534 927 664 990 egit,
705 923 801 972 sme
836 922 1070 972 desiderio
1102 924 1247 973 urbis.
1281 923 1401 972 Mo·
1428 935 1619 990 African-:⁸

128 993 333 1040 rientem
371 1010 476 1041 rure
515 1010 578 1041 eo
614 991 715 1058 ipso
760 993 870 1040 loco
919 990 1105 1056 sepeliri
1147 991 1192 1040 se
1231 989 1400 1056 jussisse
1418 1015 1503 1038 mos
1577 1001 1617 1037 (3)

127 1056 288 1107 ferunt
311 1076 823 1124 ‚monumentumque
854 1059 920 1107 ibi
949 1057 1205 1120 aedificari,
1233 1077 1294 1108 ne
1327 1060 1401 1109 fu·
1420 1062 1578 1104 lauda

128 1143 218 1175 nus
236 1126 347 1176 fibi
337 1146 384 1176 m
405 1129 585 1195 ingrata
603 1128 752 1193 patria
767 1125 919 1176 fieret.
936 1126 1025 1174 Vir
1043 1128 1369 1176 memorabilis
1388 1167 1406 1190 9

128 1193 312 1242 bellicis
341 1210 505 1245 tamen
535 1197 718 1262 magis,
737 1194 881 1261 quam
915 1195 1045 1260 pacis
1073 1197 1267 1244 artibus.
1292 1196 1408 1247 ΜΕ-

129 1264 412 1312 morabilior
451 1265 603 1337 prima
645 1281 752 1328 pars
790 1264 940 1321 vitae,
980 1262 1125 1328 quam
1160 1262 1405 1328 postrema

127 1328 252 1377 fuit:
278 1333 386 1395 quia
418 1333 466 1380 in
500 1346 697 1393 juventa
734 1330 858 1378 bella
889 1300 1064 1378 al’lidue
1091 1331 1253 1397 gesta3
1291 1350 1405 1380 cum

125 1395 310 1446 senecia
335 1416 410 1447 res
438 1415 631 1476 quoque
661 1398 969 1458 defloruere,
997 1414 1086 1446 nec
1112 1400 1310 1464 praebita
1333 1399 1403 1449 est

126 1468 326 1514 materia
362 1468 576 1532 ingenio.
604 1465 741 1531 Quid
771 1466 832 1513 ad
866 1467 1076 1530 primum
1105 1466 1403 1516 consulatum

124 1531 356 1581 secundus
376 1536 551 1593 ,etiam
569 1532 601 1581 fi
624 1533 866 1581 censuram
889 1532 1245 1600 adjicias?quid
1267 1534 1406 1584 Asia-

123 1602 218 1648 tica
247 1571 458 1667 legatio,
480 1602 532 1649 &
563 1601 839 1649 valetudine
873 1601 1076 1649 adversa
1110 1602 1321 1660 inutilis»,
1345 1604 1402 1651 ὃς

125 1666 212 1716 filii
246 1669 350 1717 calu
391 1668 692 1726 deformata,
719 1669 768 1716 &
800 1667 907 1734 post
946 1669 1155 1717 reditum
1194 1668 1401 1719 necessi-

122 1749 222 1784 tate
259 1751 338 1783 aut
369 1734 601 1784 subeundi
639 1688 829 1798 judiciip
828 1774 842 1795 ‚
881 1750 958 1784 aut
991 1754 1023 1784 1
998 1736 1127 1785 ”vmul
1170 1755 1277 1785 curn
1312 1756 1403 1804 pa-

123 1806 213 1852 tria
243 1803 531 1852 deserendi?
566 1803 729 1851 Punici
760 1819 922 1852 tamen
956 1804 1070 1852 belli
1103 1809 1403 1870 perpetrati,

124 1889 224 1936 quo
268 1872 450 1919 nullum
498 1888 657 1938 neque
704 1869 869 1950 majus·
895 1888 1052 1936 neque
1086 1872 1404 1936 periculosius

122 1937 337 1988 Romani
357 1936 568 2005 gestem,
586 1956 705 1987 unus
729 1941 1020 2004 praecipuam
1048 1940 1250 2006 gloriam
1275 1942 1404 1991 tulit.

191 2006 231 2055 L
257 2006 369 2055 IV.
406 2005 570 2054 Morte
604 2005 820 2055 Africani
859 2024 1055 2056 crevere
1087 2009 1402 2057 inimicorum.

123 2076 304 2124 animi:
316 2092 532 2151 quorum
572 2077 794 2139 princeps
828 2071 915 2129 fuit
952 2074 1026 2123 M.
1062 2074 1256 2147 Porcius
1295 2073 1402 2124 Ca-

123 2156 216 2199 to,
250 2143 329 2208 qui
363 2144 479 2191 vivo
513 2158 709 2209 quoque
741 2159 801 2192 eo
832 2142 1047 2190 allatrare
1082 2140 1183 2206 ejus
1213 2144 1428 2209 magnie-

122 2210 341 2259 tudinem
383 2209 545 2259 solitus
588 2226 726 2268 e1at3
760 2211 855 2259 hoc
895 2209 1083 2259 aufiore
1122 2185 1405 2259 existiman-

121 2291 197 2327 tur
224 2278 376 2326 Petill
351 2279 425 2337 hi,
453 2277 504 2326 δε
538 2279 654 2328 vivo
684 2276 915 2326 Africano
948 2294 1052 2327 rem
1087 2276 1312 2344 ingreffi,
1338 2278 1399 2327 ὅτ.

121 2362 318 2395 mortuo
370 2348 675 2408 rooationem
718 2344 1056 2412 promulgaffe.
1087 2345 1194 2394 Fuit
1232 2360 1398 2395 autem

120 2417 309 2481 rogatio
352 2414 504 2463 talis:
537 2430 569 2478 7
606 2415 768 2466 Velitis
794 2452 815 2475 ,
844 2413 1050 2481 jubeatis
1074 2451 1090 2475 ‚
1131 2429 1397 2480 quaeratur,

186 2564 216 2604 6
249 2565 315 2604 Ex
361 2564 546 2618 Africa-ni
592 2566 724 2607 trinm-
787 2582 841 2611 no
868 2567 1133 2620 triumphato.

116 2626 214 2682 pho.
232 2626 253 2680 ]
274 2627 332 2668 Ex
352 2628 544 2682 Scipione
571 2627 724 2672 Africaa
849 2644 875 2684 7
856 2625 1254 2735 Velitisssjgbeatis
1269 2657 1285 2678 ,
1302 2643 1401 2686 quar

1163 2706 1196 2737 v
