1680 3052
297 136 657 196 Linea
744 131 1099 193 XXXIV.
1210 141 1328 194 221⁴

0 280 1 283 Ἴ
48 212 152 268 fiaec
180 216 620 270 eratzcommercio
643 230 815 264 eorum
831 214 1033 280 Hispani
1054 216 1532 279 impruden-U.c.557.⁴

0 286 2 296 '
52 299 124 335 tes
145 290 284 336 maris
313 285 614 353 gaudebant:
634 283 933 348 mercarique
957 281 1011 330 &
1033 280 1119 346 ipsi
1141 298 1197 329 ea
1221 301 1328 348 quae
1344 282 1530 339 ‘¹.C.195.

49 368 247 404 externa
286 352 484 403 navibus
523 349 865 400 inveherentur
887 386 902 408 ‚
937 347 989 397 &
1031 365 1064 408 4
1101 365 1326 414 agrorum

49 424 242 488 exigere
279 419 453 470 studius
478 455 493 478 ‚
531 418 764 467 volebant
794 434 808 475 3
855 414 995 480 hujus
1029 417 1181 474 mutui
1214 417 1327 465 usfis

49 488 335 538 desiderium
356 525 370 547 ‚
399 503 450 536 ut
481 485 692 552 Hispana
731 484 842 534 urbs
874 481 1060 532 Graecis
1099 497 1324 548 pateret,

45 553 265 610 faciebat.v
298 554 442 602 Erant
491 555 639 602 etiam
681 552 741 601 eo
781 551 980 600 tutiores
1011 588 1026 612 ‚
1066 551 1200 615 quod
1239 550 1324 600 sub

47 624 214 672 umbra
248 621 483 671 Romanae
516 621 736 669 amicitiae
758 619 971 667 latebant
996 635 1007 666 ε
1028 635 1172 685 quam
1207 615 1324 668 ficut

43 690 308 740 minoribus
331 689 511 740 viribus
531 725 546 749 ‚
568 687 713 754 quam
740 685 1090 744 Maffilienses·,
1114 686 1216 750 pari
1238 703 1325 735 co-

45 757 209 808 lebant
228 756 361 817 fide3
388 772 501 806 tunc
532 772 727 822 quoque
756 753 999 803 consulem
1028 755 1321 802 exercitum·

43 842 136 892 que
173 827 375 875 comiter
402 842 455 872 ac
482 824 691 890 benigne
715 835 1023 887 acceperunt.
1042 819 1225 869 Paucos
1253 821 1320 870 ibi

42 909 255 943 moratus
297 893 398 942 dies
437 890 565 941 Cato
598 928 614 951 ‚
652 890 767 939 dum
800 890 1112 955 exploraret,
1147 888 1231 937 ubi
1265 889 1319 939 &

41 976 227 1026 quantae
253 960 460 1010 hostium
490 961 645 1025 copiae
673 955 821 1006 essent
840 974 854 1016 ;
875 971 926 1005 ut
954 974 1015 1006 ne
1038 973 1173 1004 mora
1203 957 1318 1021 qui-

40 1028 152 1078 dem
189 1029 343 1096 segnis
376 1026 525 1087 esset,
547 1042 694 1076 omne
727 1026 777 1073 id
807 1039 1000 1090 tempus
1035 1023 1318 1073 exercendis

38 1097 269 1147 militibus
299 1094 604 1162 consumpsit.
622 1094 676 1143 Id
694 1106 792 1141 erat
811 1091 936 1142 forte
956 1108 1146 1157 tempus
1177 1093 1318 1154 anni,

39 1178 94 1215 ut
118 1164 413 1215 frumentum
441 1166 489 1212 in
511 1163 631 1213 areis
654 1161 886 1210 haberent
905 1178 919 1220 ;
941 1162 1101 1226 itaque
1123 1158 1319 1208 redem-

38 1233 261 1299 ptoribus
283 1234 446 1285 vetitis
473 1230 768 1281 frumentum
795 1244 963 1295 parare
982 1266 997 1289 ‚
1021 1245 1076 1275 ac
1101 1225 1316 1277 Romam

36 1299 234 1350 dimiffis
255 1339 271 1362 ‚
304 1302 485 1352 Bellum
505 1337 519 1360 ‚
549 1301 699 1365 inquit
718 1334 734 1358 ‚
755 1296 951 1363 seipfitm
993 1296 1104 1344 alet.
1143 1292 1317 1344 Profe-

37 1367 139 1417 &us
168 1369 227 1418 ab
250 1368 489 1435 Emporiis
517 1384 654 1434 agros
683 1362 889 1415 hostium
916 1365 1009 1414 urit
1030 1360 1309 1430 vastatque:

35 1438 203 1485 omnia
229 1436 339 1504 fuga
364 1437 417 1485 &
441 1450 623 1485 terrore
651 1432 887 1498 complet.

103 1503 167 1553 X.
187 1502 376 1554 Eodem
395 1508 650 1568 ternpore,
672 1501 746 1551 M.
765 1500 947 1550 Helvio
971 1497 1229 1549 decedenti
1248 1515 1308 1548 ex
1342 1519 1518 1561 Celtibe„

33 1570 262 1622 ulteriore
293 1570 522 1637 Hispania
556 1587 665 1620 cum
695 1568 915 1635 praesidio
950 1567 1029 1616 sex
1063 1567 1265 1615 millium
1292 1596 1386 1628 ‚ros
1413 1582 1514 1622 Hel-

37 1639 152 1690 dato
183 1641 242 1689 ab
261 1639 360 1706 Ap.
380 1636 590 1689 Claudio
622 1653 829 1704 praetore
855 1674 870 1695 ,
893 1634 1128 1686 Celtiberi
1151 1637 1306 1702 agmi-
1323 1643 1405 1683 vius
1424 1644 1515 1684 vin-

32 1723 97 1758 ne
127 1708 311 1774 ingenti
338 1707 398 1756 ad
430 1707 666 1773 oppidum
689 1704 889 1772 Illiturgi
920 1718 1194 1753 occurrunt.
1214 1703 1305 1752 Vi·
1322 1704 1392 1747 cit.

31 1777 149 1843 ginti
171 1777 318 1825 millia
350 1791 643 1826 armatorum
673 1771 806 1822 fuisse
831 1810 846 1833 ,
872 1771 1094 1821 Valerius
1113 1770 1307 1831 scribit,

31 1843 294 1895 duodecim
316 1845 463 1895 millia
494 1861 553 1895 ex
585 1846 638 1893 iis
663 1840 813 1901 caesa3
845 1840 1081 1908 oppidum
1103 1837 1305 1906 Illiturgi

28 1927 280 1978 receptum
300 1951 316 1973 ,
339 1915 392 1963 &
417 1914 625 1980 puberes
653 1927 823 1961 omnes
860 1907 1155 1959 interfe&05.
1179 1905 1303 1956 Inde

31 1979 94 2028 ad
128 1979 272 2029 castra
303 1979 507 2030 Catonis
532 1980 737 2030 Helvius
770 1979 992 2046 pervenit
1027 1994 1038 2025 :
1071 1976 1154 2035 &,
1190 1977 1302 2041 quia

27 2059 129 2095 tuta
171 2046 269 2111 jam
307 2050 367 2097 ab
401 2047 612 2098 hostibus
654 2050 790 2114 regio
831 2061 967 2105 erat,
999 2042 1218 2110 praesidio
1252 2045 1301 2092 in

24 2114 306 2164 ulteriorem
325 2115 600 2182 Hispaniam
624 2114 812 2165 remisso
832 2153 845 2172 ‚
865 2114 1078 2163 Romam
1099 2110 1166 2161 est
1189 2129 1302 2177 pro·
1370 2130 1507 2173 Omns

26 2180 176 2232 festus
195 2220 208 2245 ‚
235 2184 287 2232 &
306 2184 370 2233 ob
396 2201 497 2233 rem
521 2184 724 2233 feliciter
747 2181 926 2249 gestam
956 2197 1108 2230 ovans
1124 2180 1298 2229 urbem
1311 2191 1507 2232 urbemn·

27 2249 96 2301 est
123 2250 367 2319 ingressus.
402 2268 421 2319 5
452 2252 652 2321 Argenti
678 2251 840 2300 infeffi
864 2250 974 2300 tulit
1003 2251 1053 2298 in
1081 2249 1296 2299 aerarium
1308 2255 1500 2310 graditur,

87 2376 116 2414 4
146 2363 337 2418 Agrorum
362 2363 515 2420 exigere
538 2362 628 2417 fru-
690 2363 859 2418 quivult
876 2362 1080 2404 extrudere
1106 2375 1266 2401 merces.

24 2423 118 2464 3115.
136 2428 155 2479 ]
182 2426 373 2468 Vendere
397 2426 542 2466 fruitus
563 2425 628 2478 qui
757 2437 773 2477 5
797 2425 988 2481 Argenti.
1005 2453 1016 2464 .
1032 2453 1042 2464 .
1062 2423 1297 2476 quatuorde-

23 2498 77 2526 ex
95 2485 196 2540 agris
218 2497 505 2539 provenerant.
527 2486 628 2526 Exi·
690 2485 762 2525 cim
773 2482 1300 2540 milliapondoseptingema

19 2560 111 2602 gere
152 2545 216 2585 hic
251 2546 408 2600 usurpat
441 2548 575 2588 Livius
609 2575 622 2595 ,
687 2547 850 2602 triginta
867 2549 957 2586 duo.
977 2550 988 2566 Ἰ
1006 2546 1204 2592 selibras,
1228 2544 1297 2585 seu

23 2607 357 2660 quemadmodum
433 2608 624 2649 Horatius
688 2622 841 2648 marcas
878 2607 1072 2648 nostrates
1111 2605 1261 2661 23018
1281 2631 1298 2655 2

20 2668 245 2718 extrudere.
282 2669 437 2710 Laudat
469 2669 626 2712 venales
690 2683 779 2713 cum
800 2669 865 2710 sex
885 2667 1030 2710 unciis.
1293 2661 1297 2664 ’

871 2726 919 2776 K
937 2723 985 2794 ἰῇ
