1680 3052
318 129 388 204 56
598 130 657 191 T
696 146 721 190 1
765 148 808 192 τ
849 148 874 191 1
964 133 1013 192 L
1056 149 1079 190 1
1122 147 1169 190 v
1213 150 1236 190 1
1278 149 1305 190 1

98 209 530 278 0‚c,552‚scendiffe
564 229 576 262 t
612 214 784 281 quibus
820 213 853 263 fi
876 215 1090 281 undique
1119 216 1476 265 circumventus
1500 223 1594 265 εο-ὀ

100 281 290 326 a.C.200.
305 281 397 346 piis
425 279 586 343 foret,
625 281 876 333 sedentem
914 281 1196 331 Romanum
1234 283 1592 333 debellaturum

310 348 445 397 credi
481 365 689 416 poterat.
722 349 891 417 Itaque
924 350 1185 400 secundum
1222 351 1337 399 duas
1370 350 1596 401 adversas

210 475 253 485 ..
312 415 556 483 equestres
583 436 804 485 pugnas,
839 418 996 467 multo
1031 420 1188 467 minus
1216 433 1369 468 tutam
1402 434 1595 468 moram

139 475 356 533 Pbll¹P·in
394 484 560 535 iisdem
596 486 775 535 stativis
817 484 924 535 fore
959 485 1207 552 Philippus
1239 501 1366 536 ratus
1388 524 1404 547 ‚
1446 503 1596 554 quum

98 553 293 607 P¹f⁵'‘⁶⁶·
310 553 439 602 abire
461 553 573 603 inde
607 554 659 602 ὅ(
686 553 854 603 fallere
874 554 1040 604 abiens
1056 553 1242 604 hostem
1259 555 1411 604 vellet
1431 592 1446 615 ,
1471 570 1492 619 3
1515 573 1599 603 ca·

103 602 180 645 ‘m‘
310 621 573 670 duceatore
603 620 686 670 sub
720 620 944 671 occasum
978 621 1089 671 solis
1122 622 1184 670 ad
1216 622 1463 673 consulem
1483 621 1600 671 mis-

312 689 402 751 so,
441 691 521 755 qui
554 689 767 738 inducias
796 689 857 738 ad
889 688 1196 757 sepeliendos
1226 693 1412 757 equites
1453 705 1600 757 pete-

312 772 390 807 ret
409 794 424 816 ,
455 755 699 807 frustratus
732 756 948 819 hostem,
971 757 1179 808 secundi
1208 759 1373 826 vigilia
1391 796 1407 821 ‚
1436 759 1600 808 multis

307 825 499 892 ignibus
537 842 626 894 per
657 839 762 878 tota
792 825 941 877 castra
973 826 1145 877 reliffis
1164 864 1184 887 ,
1215 826 1369 877 filenti
1403 828 1598 896 agmine

308 894 440 943 abiit.

377 960 618 1011 XXXIX.
645 960 842 1030 Corpus
873 960 972 1030 jam
1006 963 1200 1013 curabat
1221 962 1419 1026 consul,
1448 979 1599 1031 quum

308 1029 490 1080 *venisse
526 1030 929 1092 caduceatorem,
967 1033 1020 1081 &
1056 1032 1171 1099 quid
1205 1029 1440 1091 venisset,
1478 1050 1603 1081 nun-

308 1099 488 1147 ciatum
524 1098 592 1148 est
618 1099 878 1166 :responso
912 1101 1098 1150 tantum
1139 1100 1255 1149 dato
1280 1137 1295 1161 ‚
1327 1100 1470 1149 mane
1508 1118 1604 1166 po-

310 1165 441 1216 stero
474 1166 552 1217 die
589 1167 698 1218 fore
739 1170 933 1235 copiam
974 1169 1339 1230 conveniendi,
1374 1169 1422 1217 in
1466 1167 1601 1235 quod

311 1234 566 1303 quaesiturn
610 1250 745 1298 erat,
781 1254 881 1286 nox
931 1236 1122 1302 dieique
1163 1236 1455 1304 insequentis
1493 1253 1603 1303 pars

311 1304 378 1354 ad
413 1305 793 1372 praecipiendum
821 1308 911 1355 iter
941 1304 1169 1371 Philippo
1194 1304 1306 1354 data
1333 1303 1401 1354 est
1428 1321 1606 1354 :mon-

312 1387 390 1422 tes
410 1410 424 1434 ‚
461 1391 608 1441 quam
630 1376 760 1424 viam
793 1392 895 1424 non
911 1372 1224 1442 ingressurum
1256 1373 1391 1441 gravi
1409 1375 1603 1440 agmine

311 1438 599 1491 Romanum
645 1442 823 1492 sciebat
853 1480 869 1504 ,
919 1445 1058 1509 petit.
1091 1441 1275 1492 Consul
1309 1443 1463 1508 prim&
1492 1442 1603 1492 luce

316 1510 642 1561 caduceatore
685 1511 807 1560 datis
845 1511 1048 1561 induciis
1098 1508 1318 1571 dimisso,
1355 1510 1482 1558 haud
1535 1511 1603 1560 ita

316 1579 477 1628 multo
502 1578 607 1646 post
632 1578 774 1629 abisse
809 1578 998 1629 hostem
1028 1597 1174 1646 quum
1207 1575 1412 1628 senfiffet
1432 1616 1446 1639 ,
1470 1579 1606 1646 igna-

314 1664 394 1696 rus
426 1648 519 1714 qu&
546 1648 825 1715 sequeretur
845 1685 860 1709 ‚
898 1647 1068 1698 iisdem
1100 1648 1279 1697 stativis
1308 1645 1606 1696 frumentan-

317 1715 386 1765 do
421 1717 523 1767 dies
565 1716 750 1784 aliquot
783 1714 1091 1783 consumpsit.
1130 1715 1387 1766 Stuberam
1425 1714 1605 1766 deinde

317 1785 444 1851 petit
469 1823 484 1846 ,
533 1800 678 1852 atque
714 1802 773 1835 ex
806 1784 1068 1854 Pelagonia
1103 1782 1433 1844 frumentum,
1469 1784 1607 1851 quod
1678 1846 1680 1848 Ι

282 1892 286 1898 .
314 1854 367 1902 in
396 1855 519 1921 agris
555 1869 692 1914 erat,
729 1857 962 1904 convexit
994 1870 1005 1902 ε
1038 1852 1151 1903 inde
1177 1853 1238 1902 ad
1275 1851 1509 1902 Pellinam
1536 1851 1606 1902 est

316 1920 629 1990 progreffus3
666 1922 889 1973 nondum
937 1938 1195 1987 comperto
1240 1938 1387 1989 quam
1439 1923 1609 1989 regio-

317 2007 436 2039 nem
476 1989 635 2041 hostes
687 1989 927 2058 petiffent.
967 1989 1212 2057 Philippus
1262 2007 1412 2057 quum
1444 1990 1607 2056 primo

320 2058 384 2107 ad
417 2057 685 2126 Bryanium
715 2059 883 2110 stativa
909 2057 1142 2108 habuisset
1164 2096 1179 2119 ‚
1217 2057 1460 2125 profe&us
1490 2059 1607 2109 inde

318 2125 596 2176 transversis
629 2127 889 2191 limitibus,
917 2142 1158 2177 terrorem
1179 2126 1381 2193 praebuit
1399 2126 1608 2176 subitum

320 2192 464 2245 hosti.
498 2195 709 2246 Movere
751 2198 916 2263 itaque
955 2213 1014 2246 ex
1048 2195 1230 2245 Pellina
1266 2195 1512 2254 Romani,
1551 2197 1607 2246 &

323 2264 388 2313 ad
436 2261 720 2331 Osphagum
756 2265 939 2314 flumen
991 2262 1256 2330 posuerunt
1291 2261 1454 2311 castra.
1496 2262 1607 2313 Rex

322 2331 452 2382 haud
485 2333 653 2399 procul
695 2332 809 2381 inde
857 2332 910 2381 &
942 2332 1074 2398 ipse,
1113 2333 1245 2381 vallo
1279 2330 1417 2397 super
1451 2333 1606 2397 ripam

325 2401 481 2450 amnis
503 2401 647 2449 duffio
673 2398 978 2468 (Erigonum
1004 2401 1176 2450 incolae
1195 2397 1411 2466 vocant)
1437 2399 1607 2461 conse-

329 2469 418 2518 dit.
462 2466 583 2518 Inde
613 2467 720 2518 satis
763 2483 1021 2535 comperto
1067 2467 1322 2518 Eordaeam
1365 2469 1606 2534 petituros

326 2535 583 2588 Romanos
602 2574 621 2597 ,
651 2536 714 2587 ad
745 2537 1050 2605 occupandas
1071 2535 1305 2605 angustias
1325 2573 1341 2595 ,
1378 2552 1440 2586 ne
1469 2535 1611 2604 supe-z

389 2694 416 2741 3
445 2680 761 2739 caduceatore.]
786 2683 887 2730 Vid.
916 2695 1007 2729 not.
1040 2697 1065 2728 2
1086 2710 1099 2733 ,
1129 2683 1180 2725 ad
1206 2683 1234 2728 1.
1263 2681 1411 2730 XXVI
1431 2709 1447 2737 ,
1472 2696 1511 2726 c.
1537 2692 1612 2740 17..
