1680 3052
287 104 399 185 582
585 104 1294 165 T1T1L1vir

68 199 257 252 U·c·565·
280 203 390 236 reus
419 222 433 246 ‚
463 201 646 253 magno
682 189 871 255 agmine
916 189 1181 236 amicorum
1217 187 1460 239 clientium

68 254 256 304 a.C..187·
283 270 371 319 per
412 253 625 304 mediam
665 258 959 305 concionem
995 255 1056 303 ad
1091 254 1262 305 Rostra
1300 258 1436 308 subiit
1465 276 1476 307 ι
1501 260 1566 309 si-

101 327 262 383 Scipio·
285 323 537 388 lentioque
564 322 692 372 fafio
716 361 730 383 ,
760 325 863 372 Hoc
880 358 895 382 ,
915 324 1066 389 inquit
1086 360 1102 384 ,
1131 326 1203 372 die
1223 361 1238 384 ‚
1266 326 1437 374 tribuni
1460 329 1567 392 ple-

69 389 133 429 121'3
153 392 205 429 ad
288 390 358 438 bis
378 427 393 450 ‚
424 390 587 455 vosque
618 392 856 456 Quirites,
883 408 981 440 cum
1014 393 1254 441 Annibale
1290 394 1334 442 6»
1365 396 1569 442 Cartha-

65 452 208 520 popul.
285 459 560 524 ginienfibus
582 461 727 525 fignis
747 459 933 507 collatis
961 459 1010 507 in
1036 457 1208 524 Africa
1237 461 1343 509 bene
1365 479 1421 509 ac
1446 460 1570 525 feli-

69 525 216 556 ⁰'“²¹⁰·
289 530 401 576 citer
427 530 654 592 pugnavi.
684 529 845 592 Itaque
878 544 1015 592 quum
1043 529 1175 576 hodie
1200 529 1358 578 litibus
1386 531 1430 578 6»
1453 527 1571 594 jur·
1628 522 1635 524 ⁷

281 595 375 662 giis
402 593 685 659 supersederi
715 612 884 660 aequum
904 596 966 660 fit
986 632 1000 655 ‚
1031 614 1107 661 ego
1139 597 1243 644 lzinc
1276 598 1499 663 extemplo
1521 599 1573 646 in

289 663 571 729 Capitolium
604 665 670 712 ad
700 666 860 715 Jovem
895 665 1129 729 Optimum
1156 667 1419 714 Maximum
1445 703 1463 724 ,
1487 668 1574 718 Ju-

290 749 536 797 nonemque
570 768 586 793 ,
631 731 676 780 G·
708 734 972 781 Minervam
1000 768 1015 791 ‚
1055 733 1301 797 ceterosque
1350 736 1457 783 deos
1493 734 1574 799 qui

295 800 529 865 Capitolio
567 815 701 865 atque
742 802 839 849 arci
865 802 1135 866 praefident‚
1156 801 1432 864 salutandos
1461 803 1569 850 ibo:

286 870 442 932 hisque
468 869 648 933 gratias
671 885 803 933 agam
830 906 845 926 ,
879 868 1000 933 quod
1022 869 1132 916 mihi
1159 869 1202 916 θ’
1230 870 1312 917 hoc
1345 869 1440 934 ipso
1466 870 1538 916 die
1556 905 1574 928 ‚

289 937 334 984 δ’
355 934 476 1000 saepe
510 936 633 984 alia‘s
666 937 830 1003 egregie
860 937 1119 1001 reipublicae
1149 939 1348 1003 gerendae
1384 952 1570 983 mentem

275 1004 640 1069 facultatemque
685 1006 918 1052 dederunt.
964 1005 1155 1069 Vestrzim
1197 1023 1369 1069 quoque
1413 1005 1578 1069 quibus

289 1074 567 1121 commodum
602 1073 658 1139 est
691 1110 705 1133 ,
751 1073 812 1120 ite
847 1090 1014 1120 mecum
1039 1110 1054 1130 ,
1090 1073 1296 1138 Quirites
1318 1090 1338 1130 ,-
1374 1073 1415 1120 6³
1451 1087 1576 1120 orate

288 1143 398 1188 deos
426 1177 441 1200 ,
476 1156 526 1189 ut
559 1142 644 1189 mei
667 1141 839 1206 slmiles
865 1142 1098 1206 principes
1131 1141 1336 1188 habeatis
1362 1156 1374 1186 :
1406 1155 1424 1185 1
1468 1141 1534 1187 ita
1557 1175 1573 1199 ,

279 1210 328 1275 fi
363 1225 390 1256 2
426 1210 483 1256 ab
522 1209 659 1258 annis
679 1209 996 1276 septemdecim
1033 1210 1097 1256 ad
1126 1208 1380 1269 fenee‘lutem
1402 1207 1578 1272 semper

289 1296 374 1326 vos
405 1292 579 1325 aetatem
611 1295 753 1325 meam
783 1277 1027 1327 honoribus
1051 1278 1202 1342 vestris
1236 1278 1434 1343 anteistis
1452 1313 1469 1334 ‚
1496 1294 1575 1343 ego

116 1375 270 1421 ‘concio
293 1347 455 1411 vestros
479 1346 668 1394 honores
708 1346 838 1394 rebus
872 1346 1079 1410 gerendis
1113 1345 1323 1411 praeceffi.
1358 1344 1438 1392 Ab
1467 1342 1578 1392 Ro-

78 1457 161 1484 enm
232 1443 271 1482 in
295 1411 395 1462 stris
418 1415 465 1460 in
493 1411 794 1479 Capitolium
824 1412 1067 1461 adscendit
1089 1428 1098 1459 :
1120 1412 1254 1460 simul
1278 1411 1326 1460 se
1356 1411 1574 1460 universa

78 1504 256 1559 Capitol.
296 1483 470 1529 concio
505 1483 680 1531 avertit
701 1519 716 1540 ,
752 1480 803 1529 &
837 1481 997 1530 secuta
1018 1479 1300 1546 Scipionem
1331 1478 1425 1528 est:
1448 1481 1575 1528 adeo

68 1566 264 1626 sequitur,
295 1564 346 1598 ut
378 1547 628 1615 postremo
663 1547 825 1598 scribae
863 1564 884 1614 3
918 1548 1222 1615 viatoresque
1252 1549 1468 1597 tribunos
1499 1565 1580 1597 re-

293 1618 567 1685 linquerent
605 1655 622 1679 ,
675 1635 768 1668 nec
812 1634 929 1666 cum·
969 1619 1024 1666 iis
1061 1654 1076 1678 ‚
1134 1630 1306 1683 praeter
1354 1615 1578 1665 servilem

292 1689 581 1736 comitatum
606 1724 622 1747 ‚
663 1686 716 1736 &
750 1702 1026 1753 praeconem
1047 1722 1060 1743 ‚
1085 1687 1164 1750 qui
1201 1701 1336 1733 reum
1372 1701 1431 1733 ex
1468 1682 1577 1733 Ro-

289 1754 394 1803 stris
429 1754 651 1814 citabat,
693 1753 940 1820 quisquam
988 1752 1120 1804 esset.
1161 1751 1326 1817 Scipio
1377 1770 1475 1800 non
1525 1753 1578 1802 in

292 1820 548 1890 Capitolio
570 1821 756 1885 modo,
789 1822 871 1872 sed
906 1839 993 1891 per
1024 1835 1180 1872 totam
1214 1821 1382 1870 urbem
1413 1821 1579 1869 omnia

357 1989 375 2018 1
399 1975 578 2031 Ita,fi.]
600 1975 725 2030 Quod
742 1976 904 2032 quidem
965 1972 1051 2016 tum
1096 1972 1274 2030 egreffus
1323 1984 1410 2014 erat
1454 1985 1583 2014 annos

288 2052 365 2081 vos
383 2039 437 2079 ita
455 2040 612 2094 precari
634 2039 753 2080 decet
776 2067 788 2088 ,
822 2038 903 2080 fi...
968 2037 1255 2092 septemdecim
1296 2048 1308 2076 ε
1345 2049 1391 2076 ac
1434 2034 1582 2075 deinde

290 2116 375 2142 non
419 2102 535 2142 aliter
571 2100 731 2156 postulo
772 2111 817 2141 ut
866 2100 906 2141 id
969 2100 1090 2140 etiam
1109 2127 1119 2146 ,
1140 2108 1355 2152 antequam
1377 2097 1416 2136 in
1437 2095 1584 2150 Hispa-

290 2163 421 2205 oretis
439 2163 538 2204 deos
555 2191 565 2211 ,
587 2166 701 2217 quam
717 2162 797 2204 fi...
969 2161 1073 2201 niam
1109 2161 1188 2200 iret
1221 2187 1234 2208 ‚
1270 2159 1397 2199 aedilis
1433 2157 1584 2199 curulis

355 2237 385 2266 2
415 2225 481 2266 Ab
528 2225 641 2265 annis
681 2223 904 2279 septemde-
967 2221 1116 2264 summit
1152 2221 1293 2275 populi
1329 2221 1541 2261 voluntate
1562 2246 1578 2265 ,

293 2286 383 2328 cim.
403 2287 421 2342 ]
442 2288 507 2327 Ab
535 2301 641 2327 anno
671 2287 800 2328 aetatis
830 2285 901 2326 de·
966 2299 1089 2339 quum
1143 2283 1363 2339 legitimam
1418 2291 1580 2322 aetatem

295 2350 402 2389 cirno
447 2349 631 2403 septimo.
675 2348 796 2389 Anno
832 2347 904 2388 de·
967 2347 1145 2387 nondum
1194 2346 1363 2385 haberet
1397 2372 1411 2389 ‚
1451 2343 1580 2384 faskus

296 2425 405 2450 mum
431 2411 559 2451 aetatis
579 2410 767 2465 vigesimo
788 2423 906 2464 quar·
969 2410 1118 2449 fuerat.
1137 2407 1234 2449 Vid.
1273 2407 1387 2462 supra
1416 2405 1540 2447 XXII
1561 2430 1577 2452 ,

299 2483 347 2514 to
370 2472 496 2514 miffus
527 2473 566 2512 in
584 2472 814 2526 Hispaniam
837 2470 912 2511 fuit
979 2481 1031 2525 35
1056 2484 1069 2517 ;
1091 2470 1130 2510 ἃ
1157 2469 1282 2511 XXV
1304 2496 1315 2516 ,
1335 2481 1380 2509 2.

305 2534 462 2587 Scipio.
489 2534 573 2574 Sed
604 2535 786 2574 tribunus
815 2532 914 2572 mili·
1042 2542 1062 2585 3
1092 2529 1331 2584 Viatores]
1364 2528 1466 2576 vid.
1495 2536 1589 2576 not·

304 2606 389 2635 tum
407 2594 494 2636 erat
515 2597 554 2635 in
574 2610 705 2651 pugna
723 2593 914 2634 Cannen-
981 2592 1003 2633 8
1025 2622 1037 2642 ,
1068 2593 1117 2634 ad
1148 2592 1184 2633 II
1207 2619 1221 2641 ‚
1254 2602 1327 2644 5!-

306 2657 333 2697 fi
350 2685 363 2704 ,
390 2672 469 2713 quo
487 2670 671 2713 tempore
693 2656 798 2698 haud
819 2656 915 2696 mul-
