1680 3052
206 110 254 171 L
298 126 321 170 1
363 125 399 168 B
445 125 481 168 E
524 127 564 170 n
647 111 1020 176 ΧΧΧΙΙΙ.
1154 120 1259 200 165

23 194 51 245 'c
81 209 112 242 '1
144 189 329 243 liberos
365 207 573 259 quatuor
609 192 877 259 superstites
914 197 1075 246 habuit
1100 216 1111 246 :
1139 203 1265 249 mitis

24 280 51 312 c
74 257 322 312 muriificus
360 262 522 309 amicis
558 259 646 309 fuit
670 278 685 322 3
710 279 911 329 regnum
945 265 1069 313 adeo
1099 265 1264 316 stabile

26 348 50 379 c
90 329 278 379 firmum
317 329 506 396 reliquit
542 366 557 389 ‚
599 343 650 377 ut
693 346 720 377 2
758 331 818 379 ad
851 334 1043 380 tertiam
1074 332 1272 399 stirpem

33 396 217 447 offeffio
271 395 373 462 ejus
429 396 749 446 descenderit.
807 398 978 464 Quum
1037 402 1075 449 is
1129 401 1274 451 status

27 483 154 516 erum
195 468 243 514 in
289 463 401 514 Afia
433 501 451 522 ,
489 461 775 533 Graeciaque
810 504 825 527 ‚
872 468 923 516 ὅ(
975 467 1272 518 Macedonia

30 533 114 584 sset
142 570 158 594 ‚
198 532 396 582 vixdum
437 535 696 582 terminato
744 552 852 582 cum
894 534 1117 603 Philippo
1165 538 1271 586 bel-

30 619 47 650 >
82 637 97 660 ‚
135 617 250 666 pace
299 598 428 648 certe
479 602 698 649 nondum
743 605 1022 669 perpetrat&
1053 643 1068 662 ‚
1100 608 1270 673 ingens

30 687 43 717 ι
76 666 299 733 Hispania
337 667 563 717 ulteriore
596 685 818 718 coortum
850 670 916 719 est
950 672 1151 722 bellum.
1192 674 1338 757 M.'W
1364 731 1378 758 t
1442 717 1491 759 ‘ra'

31 735 200 785 [elvius
237 752 345 784 eam
382 739 684 801 provinciam
721 739 990 797 obtinebat.
1026 739 1070 788 Is
1100 741 1267 791 litteris
1290 734 1449 831 ‘Hlf's'fjj

32 818 211 853 enatum
245 805 500 853 certiorem
534 804 681 865 fecit,
717 808 898 855 Colcam
941 809 986 856 ἐξ)
1027 810 1271 874 Luscinum
1287 797 1391 887 nia?

33 873 172 939 egulos
208 873 256 920 in
286 873 426 920 armis
457 871 536 936 effi:
563 893 578 922 .·
614 888 634 936 3
668 892 766 921 cum
797 875 937 923 Colca
967 878 1114 924 decem
1141 879 1274 942 &se-

33 957 115 989 tem
146 941 349 1006 oppida,
377 958 476 988 cum
508 942 698 1006 Luscino
735 945 925 990 validas
958 946 1117 1004 urbes,
1156 948 1278 996 Car-

34 1025 158 1057 onem
179 1009 222 1056 6¹
251 1010 510 1056 Bardonem
536 1027 548 1056 .-
575 1011 618 1058 6³
635 1013 907 1058 maritimam
927 1031 1049 1060 oram
1077 1032 1280 1075 omnem,

48 1092 142 1141 quae
167 1077 367 1124 nondum
387 1078 563 1125 animos
592 1080 848 1126 nudaverat
871 1117 885 1138 ‚
908 1083 1280 1145 adflnitimorum

36 1159 148 1192 :otus
186 1145 572 1209 consurrebluram.
609 1145 695 1193 His
728 1145 895 1194 litteris
935 1166 961 1194 a
992 1148 1069 1198 M.
1109 1149 1282 1218 Sergio

39 1226 206 1260 raetore
227 1248 241 1269 ,
273 1210 405 1275 cujus
437 1211 690 1274 jurisdiffio
726 1215 848 1263 inter
883 1217 1015 1264 cives
1050 1233 1182 1279 erat,
1202 1237 1283 1271 re-

37 1281 158 1328 itatis
176 1316 194 1337 ,
216 1279 537 1328 decreverunt
570 1280 732 1330 Patres
753 1319 767 1342 ‚
802 1298 852 1331 ut
872 1285 1081 1333 comitiis
1105 1302 1284 1351 praeto·

37 1364 108 1395 ‚lm
144 1346 363 1412 perfe&is
384 1386 400 1406 ,
427 1349 503 1396 cui
539 1353 731 1414 praetori
763 1354 1014 1415 provincia
1053 1353 1285 1420 Hispania

39 1413 273 1463 bveniss'et
291 1453 306 1476 ‚
331 1418 367 1463 is
401 1420 559 1481 primo
592 1435 786 1484 quoque
808 1436 1034 1486 tempore
1059 1422 1119 1472 de
1147 1424 1288 1475 bello

37 1480 244 1547 Iispaniae
272 1483 333 1531 ad
362 1482 575 1533 senatum
609 1485 828 1536 referret.
919 1493 923 1495 “

72 1548 232 1609 XXII.
285 1550 382 1600 Sub
431 1553 564 1602 idem
597 1569 789 1620 tempus
820 1556 1037 1606 consules
1072 1557 1285 1610 Romam

39 1633 276 1678 enerunt,
308 1620 476 1686 quibus
501 1624 549 1669 in
582 1623 687 1672 aede
721 1622 937 1674 Bellonae
958 1624 1172 1676 senatum
1198 1630 1290 1688 ha-

1282 225 1476 294 U-9.555;

1285 291 1474 343 a.L.197.

40 1740 213 1785 ÷guntur.
240 1731 455 1774 Maliemus
482 1745 615 1775 toturn
679 1736 745 1792 gni
774 1737 849 1778 fuit
867 1770 878 1789 ‚
907 1738 1090 1783 Attalum
1111 1769 1124 1789 ,
1150 1741 1288 1784 Phile·

40 1806 113 1832 unc
137 1793 268 1833 locum
290 1792 339 1832 fic
359 1795 613 1849 dispositum:
677 1811 818 1839 taerum
836 1828 847 1847 ,
876 1801 917 1842 ὅ(
940 1802 1200 1844 Athenaeum.

44 1856 165 1897 amma*
183 1853 338 1906 justitia
361 1854 453 1910 suos
474 1863 579 1899 rexit
598 1872 612 1899 .’
742 1873 766 1906 2
788 1862 858 1900 Ad
891 1863 1045 1903 tertiam
1071 1864 1285 1920 stirpem]

41 1915 163 1954 nicam
180 1914 302 1969 fidem
324 1914 446 1970 sociis
466 1920 616 1973 praesti-
679 1921 745 1962 Ad
781 1923 961 1983 Attalurp
1010 1925 1288 1968 Philometora

42 1978 63 2014 ‘t
84 1988 97 2014 .·
116 1975 218 2014 miris
239 1991 284 2014 ac
303 1979 500 2035 munificus
518 1981 619 2020 ami-
677 1984 868 2024 Eumenis
886 1984 1007 2025 filium
1028 2014 1041 2032 ,
1061 1989 1128 2041 qui
1154 1990 1289 2030 haere-

42 2035 70 2076 ἱς
87 2034 184 2089 fuit.
205 2035 377 2078 Uxorem
403 2056 448 2079 ac
473 2042 617 2083 liberos
680 2046 729 2085 de
744 2048 894 2099 populo
908 2047 1092 2089 Romano
1105 2050 1288 2092 decessit.

43 2109 183 2136 uatuor
205 2095 428 2152 superstites
450 2102 582 2143 habuit
601 2116 615 2145 .·
745 2118 763 2158 3
805 2111 896 2148 Cum
933 2109 1054 2149 Colca
1091 2113 1218 2151 decem
1248 2113 1288 2152 G·

43 2153 168 2214 egnum
181 2160 430 2210 adeostabile
442 2164 615 2218 reliquit,
674 2165 824 2223 septem
841 2172 985 2224 oppida
1003 2199 1014 2218 ‚
1044 2187 1127 2211 cum
1148 2171 1290 2226 Lusci-

45 2231 85 2265 ι,
103 2221 184 2260 διε.
204 2221 268 2261 Sic
283 2223 388 2262 enim
410 2225 500 2265 hinc
516 2241 621 2279 quae·
682 2245 785 2271 no...
820 2234 1034 2272 Cardonem
1067 2234 1104 2273 G·
1133 2234 1292 2275 Bardo-

45 2295 187 2334 umque
219 2281 397 2336 speRant
429 2286 478 2325 ad
505 2287 621 2329 dotes
683 2293 817 2347 nem.]
859 2293 1018 2347 Repete
1052 2309 1102 2335 ex
1138 2310 1290 2348 praece·

46 2342 166 2391 nimi,
187 2343 294 2385 minc
311 2361 396 2400 quae
416 2350 623 2401 pertinent
686 2353 872 2394 dentibus
890 2355 931 2394 in
950 2356 1064 2396 armis
1084 2356 1171 2409 effe.

48 2402 70 2441 d
98 2402 296 2445 fortunam
327 2408 465 2449 domi'is
493 2412 624 2466 regni·
749 2427 777 2463 4
813 2415 910 2473 Quae
943 2419 1110 2457 nondum
1142 2418 1291 2461 animos

50 2477 132 2513 ue,
167 2464 338 2508 distinffe
368 2484 413 2509 ac
453 2471 624 2512 seorsum
689 2478 956 2530 nudaverat.]
988 2479 1097 2534 Lege
1124 2481 1299 2521 nudare·
1348 2483 1351 2485 ’

50 2526 226 2565 ollocata
259 2532 549 2581 reperirentur.
691 2538 760 2577 rit.
784 2538 846 2579 Est
864 2540 968 2581 enirn
995 2540 1184 2591 indirecta
1203 2553 1299 2600 05³⁹,

96 2598 110 2624 1
137 2586 297 2627 Liberos
317 2604 491 2644 quatuor.
508 2595 529 2647 ]
548 2595 628 2635 Eu·
693 2600 770 2645 tio,

49 2659 214 2699 sienem,
247 2651 312 2706 qui
348 2652 540 2699 successor
567 2670 632 2708 ref
