1680 3052
276 130 357 199 '30
557 117 621 182 T
659 139 683 180 1
725 139 767 182 'r
808 139 833 181 1
930 123 977 181 L
1023 139 1048 180 1
1089 138 1137 179 v
1180 139 1204 181 1
1248 136 1272 181 1

70 202 441 274 U,‹·‚552,erant‚
464 202 528 254 de
554 203 800 255 Amilcare
830 202 1009 255 Gallici
1040 203 1276 254 exercitus
1311 203 1439 254 duce
1466 200 1562 254 res*-

73 272 481 339 a.C.20c.ponsum
513 290 539 321 a
572 271 1045 341 Carthaginiensibus
1082 271 1181 332 est,
1201 272 1318 320 nihil
1353 271 1476 320 ultra
1509 271 1559 321 se

276 340 437 391 facere
471 338 606 407 posse
625 378 639 401 ‚
661 341 808 408 quam
832 355 883 390 ut
912 339 1076 388 exsilio
1103 356 1214 388 eum
1244 338 1526 388 mulfflarent
1544 375 1561 401 ‚

273 407 645 477 bonaque'ejus
683 410 999 475 pub³icarent.
1039 406 1263 475 Perfugas
1307 407 1359 456 &
1398 406 1560 474 fugiti-

272 495 366 530 vos
399 515 413 537 ‚
465 496 587 542 quos
638 476 928 542 inquirendo
979 474 1217 542 vestigare
1266 478 1511 542 potuerint
1541 511 1562 536 ,,

272 544 531 596 reddidisse
567 562 577 592 ε
615 545 665 592 &
702 545 763 593 de
801 561 857 593 ea
892 561 943 592 re
983 541 1200 593 miffuros
1232 544 1417 611 legatos
1449 542 1561 591 Ro-

273 631 405 663 mam
430 651 442 673 ‚
462 615 540 679 qui
573 612 753 662 senatui
782 611 1122 662 satisfacerent.
1148 611 1177 661 8
1197 610 1424 661 Ducenta
1450 611 1561 659 mil-

271 682 336 731 lia
375 680 590 731 modifim
619 682 763 729 tritici
796 679 1009 730 Romam
1033 719 1048 741 ‚
1086 679 1291 730 ducenta
1323 680 1383 728 ad
1414 697 1561 730 exer-

273 753 423 799 citum
456 753 503 798 in
540 749 888 799 Macedoniam
925 749 1167 798 miserunt.
1205 747 1326 797 Inde
1365 749 1415 796 in
1451 746 1559 797 Nu·

274 818 473 867 midiam
509 833 539 884 9
578 817 638 865 ad
670 834 808 885 reges
844 816 1047 884 profeffl
1079 817 1223 884 legati
1249 835 1259 865 :
1285 817 1414 866 dona
1450 816 1560 865 data

273 883 525 934 Mafiniffae
541 923 555 947 9
573 885 898 953 mandataque
926 886 1071 935 edita.
1088 884 1283 951 Equites
1306 885 1436 932 mille
1454 882 1560 932 Nu·

273 954 419 1003 midae
456 953 646 1021 (quum
685 953 781 1003 duo
818 954 967 1003 millia
1003 951 1176 1019 daret)
1211 954 1399 1018 accepti
1423 969 1433 1009 ς
1458 950 1560 1016 ipse

276 1023 325 1070 in
359 1040 510 1071 naves
545 1022 874 1088 imponendos
909 1023 1090 1071 curavit
1118 1037 1128 1069 :
1155 1021 1206 1069 ὃ(
1241 1038 1350 1069 cum
1384 1020 1562 1068 ducen-

277 1091 338 1139 tis
374 1090 584 1138 millibus
623 1089 842 1139 modium
875 1089 1014 1138 tritici
1042 1092 1064 1150 '‚
1099 1088 1315 1138 ducentis
1346 1088 1562 1148 hordei,

276 1159 326 1207 in
362 1158 709 1208 Macedoniam
746 1157 887 1206 misit.
915 1156 1080 1207 Tertia
1113 1157 1292 1224 legatio
1327 1157 1387 1204 ad
1428 1155 1562 1205 Ver-

275 1229 461 1276 minam
500 1240 616 1276 erat.
654 1225 700 1276 Is
734 1227 794 1275 ad
834 1226 1016 1292 primos
1056 1224 1176 1274 fines
1212 1226 1348 1292 regni
1390 1224 1563 1292 legatis

274 1295 475 1345 obviam
498 1293 769 1363 progressus
790 1332 806 1355 ‚
829 1309 882 1344 ut
903 1294 1163 1343 scriberent
1193 1293 1280 1359 ipsi
1306 1310 1421 1359 quas
1452 1292 1561 1342 vel-

273 1364 380 1413 lent
417 1366 547 1430 pacis
582 1364 889 1413 conditiones
918 1361 1149 1427 permisit.
1182 1364 1368 1412 Omnem
1397 1379 1558 1427 pacem

274 1434 439 1481 bonam
466 1432 720 1499 justamque
739 1432 843 1497 fore
869 1432 961 1495 fibi
995 1449 1091 1479 cum
1120 1432 1296 1497 populo
1329 1433 1558 1479 Romano.

273 1499 423 1548 Darae
459 1503 591 1568 leges
627 1502 757 1566 pacis
779 1538 797 1558 ‚
826 1497 1059 1565 jussusque
1081 1536 1094 1559 ‚
1130 1499 1190 1547 ad
1232 1516 1339 1548 eam
1372 1495 1559 1547 confir-

273 1569 502 1617 mandam
527 1607 542 1629 ,
570 1570 760 1618 mittere
795 1570 982 1635 legatos
1015 1566 1245 1615 Romam.

83 1653 261 1700 'Lentulo
345 1637 459 1686 XX.
483 1637 724 1687 peridem
749 1654 940 1703 tempus
974 1635 1026 1684 L.
1048 1634 1308 1685 Cornelius
1325 1633 1557 1684 Lentulus

68 1733 118 1758 ex
167 1718 253 1775 His
275 1705 565 1771 proconsule
596 1723 655 1756 ex
683 1706 913 1772 Hispania
937 1704 1098 1753 rediit:
1121 1706 1201 1770 qui
1226 1722 1375 1770 quum
1407 1706 1455 1751 in
1489 1703 1560 1751 se«

63 1781 191 1836 pania
207 1799 257 1823 re·
275 1790 387 1824 natu
429 1793 504 1825 res
537 1774 598 1823 ab
630 1773 675 1824 se
707 1792 794 1841 per
826 1774 1006 1822 multos
1040 1791 1191 1821 annos
1224 1772 1415 1820 fortiter
1452 1770 1560 1819 feli-

69 1842 490 1910 ducicon·citerque
531 1842 684 1911 gestas
724 1841 1010 1909 exposuiffet
1045 1879 1062 1899 ‚
1097 1838 1462 1907 postulassetque
1501 1842 1564 1889 ut

70 1901 182 1974 (ἔθα,
273 1913 588 1978 triumphanti
623 1910 706 1960 fibi
738 1911 903 1960 invehi
936 1911 1102 1959 liceret
1137 1911 1185 1956 in
1219 1908 1388 1957 urbem
1421 1910 1557 1966 3Res

69 1977 222 2009 “nm’'
272 1982 500 2047 triumpho
524 1983 688 2046 dignas
713 1978 792 2045 ff
814 1978 1036 2029 censebat
1050 1978 1242 2042 senatus
1263 1996 1276 2025 .·
1287 1977 1373 2042 sed
1397 1994 1556 2024 exem-

265 2050 399 2117 plum
424 2068 453 2096 a
481 2048 731 2116 majoribus
761 2068 851 2097 non
886 2044 1101 2113 accepiffi’
1121 2083 1140 2104 ,
1179 2062 1198 2093 1
1225 2060 1272 2095 ut
1305 2045 1381 2110 qui
1413 2061 1554 2107 neque

269 2119 496 2176 difflator,
516 2135 656 2184 neque
684 2117 869 2183 consul,
893 2134 1032 2180 neque
1061 2129 1230 2181 praetor
1252 2131 1321 2161 res
1340 2110 1520 2179 geffiffet
1534 2147 1561 2171 „

268 2187 580 2251 triumpharet.
621 2185 897 2249 Proconsule
943 2185 1074 2232 illum
1113 2182 1392 2248 Hispaniam
1436 2198 1555 2245 pro·-

266 2256 468 2305 w‘nciam
486 2291 500 2316 ⁵
520 2274 611 2304 non
645 2253 868 2319 confidem
888 2289 904 2314 ‚
925 2268 1007 2301 aut
1036 2266 1269 2319 praetorem
1300 2246 1561 2313 obtinuiffe'2’.

307 2368 330 2408 8
346 2367 537 2408 Ducenta
548 2364 878 2417 mlliamodizfm]
946 2364 987 2405 &
1029 2362 1266 2406 Verminam
1288 2389 1300 2411 ,
1338 2360 1407 2416 qui
1450 2358 1558 2401 infra

265 2428 436 2471 Modios
465 2429 659 2471 nostrates
686 2426 881 2468 Parifien-
945 2426 1220 2467 nominantur.

270 2491 331 2532 ses
377 2490 495 2545 paulo
538 2493 626 2546 plus
669 2489 841 2541 154166
866 2515 878 2535 ‚
1012 2500 1028 2527 1
1073 2486 1131 2527 Ue
1171 2484 1236 2540 qui
1276 2498 1396 2538 neque
1436 2481 1554 2524 dic‘la·

269 2551 353 2592 five
370 2582 380 2601 ,
404 2568 505 2607 quos
529 2566 719 2596 vocamus
739 2549 882 2606 setiers
945 2562 1037 2594 tor,
1062 2562 1180 2600 neque
1199 2543 1380 2601 consul.]
1399 2546 1501 2591 Vid.
1523 2546 1553 2587 13

275 2614 441 2666 12847.
945 2610 1169 2658 xxvm,
1194 2623 1233 2651 c.
1256 2607 1333 2663 38,

330 2686 358 2730 9
384 2676 454 2716 Ad
472 2677 625 2736 reges.]
649 2672 883 2719 Masiniffam
