1680 3052
365 121 730 186 Lmen
813 116 1096 184 XXXI.
1287 136 1354 202 55

79 205 231 280 pedes
260 225 448 276 aequare
480 205 611 256 cursu
646 205 888 272 fugientes
918 224 1016 253 non
1044 202 1200 270 posset
1227 206 1567 272 equi-U,c,552;

79 296 187 340 tes,
217 280 277 328 ab
310 275 520 327 hostibus
539 275 600 323 ad
629 275 788 322 casum
808 274 930 340 regis
958 274 1211 321 concitatis
1239 291 1355 320 con·
1374 275 1564 321 a.C.200.

82 347 226 397 foffus
264 348 421 413 periit.
467 342 575 394 Rex
622 341 968 390 circumvekius
1011 340 1211 405 paludes
1251 357 1365 404 per-

80 418 183 465 vias
206 414 447 480 inviasque
472 410 661 478 trepida
694 409 807 476 fuga
829 447 843 469 ‚
873 411 922 458 in
950 407 1094 456 castra
1131 406 1327 456 tandem
1347 444 1363 468 ‚

80 481 178 552 jam
212 482 569 548 desperantibus
600 479 835 545 plerisque
869 477 1168 526 incolumem
1194 475 1365 523 evasu-

82 568 217 611 rum,
248 550 486 616 pervenit.
532 547 750 596 Ducenti
801 543 1133 594 Macedonum
1173 545 1364 609 equites

82 636 144 669 eo
165 619 327 684 praelio
361 618 581 683 periere,
613 629 808 663 centum
831 612 984 663 ferme
1018 612 1147 678 capti
1177 627 1188 659 ε
1220 611 1366 660 oero-

80 689 207 754 ginta
242 686 506 735 admodum
537 685 693 733 ornati
728 683 874 750 equi,
911 681 1073 749 spoliis
1108 679 1246 729 fimul
1280 694 1364 729 ar-

79 771 272 805 morum
305 755 500 812 relatis3
537 750 743 801 abduffl.

121 820 436 872 *XXXVIIL
470 820 683 870 Fuerunt
715 816 799 886 qui
831 817 926 868 hoc
959 817 1038 866 die
1066 833 1233 885 regem
1279 830 1565 877 te-Judgcgm

79 892 342 950 meritatis,
378 890 624 940 consulem
653 888 864 956 segnitiae
893 885 1165 935 accusarent
1199 902 1209 933 :
1246 892 1357 933 nam
1374 899 1419 937 de
1518 914 1563 939 eo

78 960 133 1008 &
163 958 386 1025 Philippo
427 956 771 1026 quiescendum
802 953 937 1005 fuisse
966 993 980 1015 ‚
1020 972 1167 1021 quum
1195 955 1525 1020 paucispraelio.

79 1028 249 1076 diebus
287 1026 480 1085 hostes,
517 1024 744 1075 exhausto
787 1023 913 1072 circa
945 1025 1078 1072 omni
1115 1040 1266 1089 agro,
1299 1024 1362 1072 ad

77 1096 295 1144 ultimum
319 1097 498 1161 inopiae
524 1108 759 1144 venturos
784 1091 920 1140 sciret
951 1109 962 1139 z
999 1092 1050 1139 ὃ(
1083 1089 1329 1141 consulem
1348 1129 1365 1152 ,

80 1181 226 1230 quum
277 1166 541 1229 equitatum
591 1159 796 1210 hostium
834 1161 1098 1225 levemque
1148 1175 1364 1208 armatu·-

62 1249 184 1280 -1am
216 1230 404 1281 fudiffet
427 1270 441 1292 ,
476 1247 527 1278 ac
564 1247 719 1295 prope
754 1245 919 1295 regem
951 1228 1105 1294 ipsum
1134 1226 1364 1293 cepiffet‚

81 1301 299 1366 protinus
338 1299 397 1349 ad
445 1297 590 1347 castra
633 1295 840 1346 hostium
889 1296 1067 1345 ducere
1110 1294 1364 1356 debuisse-3

66 1379 175 1416 'nec
209 1369 338 1417 enim
375 1366 617 1416 mansuros
641 1368 704 1414 ita
730 1363 973 1432 perculsos
1000 1362 1158 1413 hostes
1190 1364 1324 1414 fuiss'e
1346 1402 1363 1426 ‚

80 1434 408 1502 debellarique
426 1449 683 1485 momento
708 1433 942 1500 temporis
973 1431 1195 1500 potuiss'e.
1212 1431 1269 1481 Id
1288 1433 1362 1482 di·
1500 1474 1546 1488 m,

81 1501 192 1563 au,
234 1503 380 1571 quam
411 1520 462 1553 re
490 1541 505 1564 ,
540 1518 592 1553 ut
622 1503 889 1570 pleraque,
919 1500 1102 1550 facilius
1134 1518 1145 1550 ι
1178 1519 1288 1551 nam
1327 1501 1366 1551 si.

80 1571 304 1621 omnibus
333 1573 553 1638 peditum
592 1588 788 1638 quoque
830 1572 983 1637 copiis
1018 1585 1103 1620 rex
1137 1570 1367 1637 congres-

81 1639 156 1690 sus
195 1638 349 1690 fuisset
382 1678 398 1701 ,
443 1639 639 1689 forsitan
687 1642 811 1689 inter
848 1638 1108 1688 tumultum
1140 1675 1156 1695 ,
1213 1655 1367 1705 quum

65 1721 256 1759 ‘omnes
285 1708 398 1759 vieti
433 1723 667 1773 metuque
705 1706 907 1775 perculsi
946 1718 1005 1757 e'x
1041 1707 1211 1773 praelio
1240 1709 1366 1757 intra

81 1777 260 1828 vallum
288 1779 506 1844 protinus
525 1777 636 1827 inde
662 1776 1067 1844 supervadentem
1086 1777 1366 1825 munimen-

65 1858 131 1895 -ta
164 1845 401 1896 vidiorem
426 1845 612 1895 hostem
642 1843 865 1914 fugerent
890 1882 906 1907 ‚
938 1845 1048 1894 exui
1075 1843 1234 1894 castris
1268 1862 1365 1911 po-

81 1915 227 1964 tuerit
253 1932 335 1964 rex
361 1932 372 1964 :
402 1932 552 1983 quum
576 1914 697 1964 verb
729 1917 928 1981 integrae
964 1914 1119 1980 copiae
1142 1912 1365 1980 peditum

83 1982 136 2031 in
179 1981 332 2032 castris
378 1981 647 2033 mansissent
676 2021 691 2045 ‚
741 1980 974 2033 stationes
1007 1994 1117 2032 ante
1156 1995 1322 2049 portas
1348 2019 1366 2044 ‚

82 2049 392 2118 praesidiaque
421 2050 639 2119 disposita
668 2050 818 2102 effent
836 2087 854 2112 ,
888 2050 1004 2118 quid
1024 2089 1040 2113 ‚
1078 2048 1163 2099 nisi
1192 2063 1246 2100 ut
1280 2064 1367 2100 te·-

82 2121 357 2169 meritatem
390 2121 513 2188 regis
548 2118 694 2170 effuse
725 2119 873 2186 paulo
912 2118 1021 2168 ante
1058 2118 1205 2169 secuti
1241 2135 1367 2184 per-

82 2186 236 2235 culsos
272 2189 457 2255 equites
487 2189 782 2250 imitaretur,
820 2184 1138 2256 profeciss'et?
1186 2185 1365 2254 Neque

84 2255 214 2303 enirn
244 2272 306 2305 ne
330 2258 454 2323 regis
488 2258 686 2322 quidem
712 2259 922 2323 primum
953 2253 1203 2304 confilium
1223 2293 1238 2316 ‚
1262 2273 1363 2322 quo

83 2324 320 2389 impetum
372 2327 419 2374 in
456 2324 826 2374 frumentatores
864 2323 1053 2390 palatos
1086 2341 1174 2390 per
1218 2340 1364 2390 agros

84 2389 200 2440 fecit
218 2430 231 2452 ,
266 2394 723 2458 reprehendendum
755 2392 883 2441 foret
901 2431 916 2453 ‚
939 2391 975 2440 fi
1001 2393 1205 2440 modum
1231 2389 1368 2456 pros-

73 2474 211 2524 'perae
241 2477 413 2527 pugnae
445 2459 753 2528 imposuisset.
790 2460 865 2509 Eo
888 2478 1085 2528 quoque
1117 2460 1273 2508 minus
1297 2457 1366 2508 est

87 2528 259 2575 mirum
283 2564 296 2586 ‚
330 2528 529 2579 tentasse
581 2546 692 2578 eum
727 2529 969 2579 fortunam
992 2566 1006 2588 ‚
1048 2526 1181 2594 quod
1232 2525 1364 2576 fama

86 2609 217 2653 erat,
260 2594 531 2646 Pleuratum
564 2596 917 2665 Dardanosque
952 2596 1225 2662 ingentibus
1267 2613 1363 2644 co-

86 2662 175 2728 piis
197 2662 443 2730 profekios
467 2666 618 2718 domo
637 2704 651 2729 ‚
671 2664 769 2732 jam
788 2667 837 2715 in
856 2664 1206 2715 Macedoniam
1236 2678 1366 2719 tran-e

975 2730 1090 2782 Civ
