1680 3052
214 110 262 168 L
306 127 327 168 1
373 126 407 168 B
457 124 492 166 E
534 126 576 168 R
659 104 1115 171 XXXVIII.
1205 122 1319 194 523·

25 183 194 251 [infido
226 207 371 258 atque
401 194 681 256 importuno
702 228 717 250 ‚
751 191 994 240 veniebat.
1017 192 1097 240 Ad
1123 203 1524 257 tentan·U.c.5632

43 258 158 307 dum
203 258 306 324 ejus
340 262 552 307 animum
589 257 652 308 C.
689 260 923 307 Helvium
962 277 1070 307 cum
1109 279 1314 325 quatuor
1330 261 1525 312 a.ss.1892

8 326 249 375 *millibus
274 328 517 393 peditum,
543 327 593 376 &
610 329 882 393 quingentis
901 328 1136 392 equitibus
1159 366 1172 385 ,
1202 347 1317 378 con-

28 392 108 444 sul
140 396 395 456 praemittit.
434 395 561 443 Huic
581 394 868 462 agminijam
888 394 1007 444 fines
1028 396 1318 462 ingredienti

40 460 186 527 legati
216 478 523 512 occurrerunt
541 503 554 523 ‚
578 465 854 512 nunciantes
884 480 1099 528 paratum
1121 462 1214 513 effe
1237 473 1321 530 ty-‘

2 579 6 594 .-
40 545 244 578 rannum
287 533 519 597 imperata
556 530 754 590 facere3
800 533 1002 580 orabant
1033 547 1083 581 ut
1121 547 1317 597 pacatus

19 594 163 657 'fines
205 600 384 658 iniret,
428 599 771 663 cohiberetque
807 618 833 647 a
870 599 1189 665 populatione
1219 601 1321 667 agri

43 665 246 714 militem
280 686 292 711 t
328 666 358 715 6
383 666 433 713 &
471 669 518 714 in
554 684 786 715 coronam
816 684 1009 716 auream
1046 668 1325 734 quindecim

10 736 20 787 ζ
41 732 221 782 talenta
258 731 538 783 afferebant.
576 735 780 784 Helvius
813 736 1026 801 integros
1051 753 1076 783 a
1111 737 1323 802 popula-

42 801 177 850 tione
214 819 355 868 agros
389 802 680 851 servaturum
709 802 950 867 pollicitus
975 841 989 862 ‚
1011 804 1079 852 ire
1112 803 1171 851 ad
1203 822 1328 853 con-

41 867 193 917 sulem
232 870 417 936 legatos
457 868 618 929 iuffit:
657 871 822 936 quibus
862 870 1032 919 eadem
1067 871 1326 921 referenti-

42 935 130 985 bus
166 939 361 999 conlul‚
401 940 562 1003 Neque
590 940 817 998 Romani,
849 940 1035 1005 inquit,
1069 941 1195 987 bonae
1233 960 1323 989 νο-

45 1005 239 1053 luntatis
266 1008 408 1053 ullum
423 1010 598 1073 fignum
631 1011 732 1071 erga
755 1025 837 1054 nos
865 1008 1050 1071 tyranni
1071 1008 1282 1056 hahemus
1301 1026 1323 1068 ,-

45 1072 89 1120 6³
130 1072 273 1136 ipfitm
316 1075 448 1121 talem
487 1073 565 1137 eſj}
613 1075 730 1121 inter
767 1092 916 1122 omnes
947 1077 1150 1140 constat,
1183 1092 1230 1124 ut
1269 1079 1323 1124 de

37 1158 173 1207 poena
208 1139 305 1206 ejus
344 1144 485 1207 magis
507 1179 522 1200 ‚
544 1142 676 1196 qrza'rm
715 1143 768 1189 de
793 1142 1004 1190 amicitia
1042 1145 1169 1191 nobis
1200 1147 1326 1209 cogi·

42 1209 228 1257 tandum
262 1211 340 1274 fit.
382 1207 646 1257 Perturbati
684 1210 772 1257 hac
825 1227 950 1259 voce
987 1210 1168 1278 legati,
1205 1212 1324 1260 nihil

42 1275 171 1324 aliud
198 1292 392 1342 petere,
427 1277 569 1341 quarn
603 1292 653 1325 ut
683 1295 913 1326 coronam
943 1281 1212 1345 acciperet,
1234 1297 1324 1329 ve·-

47 1344 308 1407 niendique
334 1346 394 1392 ad
418 1362 529 1393 eum
561 1345 848 1410 potestatem
871 1360 1081 1410 tyranno
1100 1385 1113 1406 ‚
1152 1348 1205 1396 δί
1236 1366 1326 1397 co-

47 1413 176 1478 piam
202 1412 432 1479 loquendi
467 1431 519 1460 ac
540 1414 772 1481 purgandi
804 1413 849 1463 se
877 1415 1075 1464 faceret.
1098 1414 1328 1465 Permissu

50 1478 253 1528 consulis
275 1518 289 1540 ‚
327 1480 521 1546 postero
555 1481 631 1531 die
652 1484 700 1530 in
729 1480 870 1531 castra
889 1497 1122 1549 tyrannus
1157 1486 1328 1545 venit3

39 1546 236 1596 vellitus
264 1548 606 1615 comitatusque
643 1552 723 1598 vix
749 1551 807 1598 ad
830 1553 1001 1616 privati
1028 1551 1222 1601 modice
1243 1554 1324 1601 lo·-

7 1617 246 1689 .1cupletis
286 1618 500 1665 habitum
533 1635 544 1665 ι
584 1618 634 1666 &
676 1622 829 1667 oratio
871 1618 957 1667 fuit
993 1618 1225 1668 summissa
1265 1622 1321 1670 &

18 1683 232 1733 'intracia
252 1722 267 1744 ,
297 1687 597 1746 extenuantis
622 1687 742 1752 opes
765 1686 864 1736 suas
887 1726 899 1741 ,
924 1688 1210 1755 urbiumque
1230 1687 1325 1738 suae

43 1751 238 1800 ditionis
275 1752 538 1820 egestatem
575 1757 834 1820 querentis,
871 1753 1016 1805 Erant
1044 1769 1204 1805 autem
1238 1757 1321 1806 sub

46 1853 52 1863 ·’
104 1846 131 1888 6
151 1847 206 1887 Et
226 1847 263 1887 in
285 1863 466 1888 coronam
494 1864 648 1889 auream

24 1908 256 1965 >quindecim
287 1910 490 1964 talenta]
523 1911 648 1961 Quin-

26 1970 171 2012 {decim
191 1972 342 2010 talenta
370 1973 525 2026 argenti
559 1975 647 2012 data

43 2046 207 2076 cororae
261 2034 438 2074 nornine.
489 2034 647 2074 Etenim

43 2096 195 2136 constat
218 2109 456 2136 coronarum
486 2097 648 2138 nomine

41 2156 286 2198 intellec‘lum
335 2157 412 2198 effe
459 2159 648 2212 quidquid

42 2233 123 2262 non
148 2233 197 2260 ex
226 2220 363 2260 tributi
384 2219 614 2261 necessitate
633 2249 646 2270 ,

42 2280 108 2322 sed
142 2291 326 2335 tanquam
363 2296 381 2319 a
419 2283 648 2323 volentibus

41 2343 216 2383 inuneris
229 2345 323 2383 loco
344 2343 504 2384 daretur
521 2344 647 2397 irnpe-

40 2403 158 2446 tanti.
176 2405 277 2445 Non
302 2416 435 2444 tamen
457 2419 646 2461 negamus

40 2479 160 2506 veras
175 2481 334 2520 quoque
348 2481 518 2508 coronas
536 2468 645 2509 datas

41 2527 120 2567 effe
138 2528 441 2579 imperatoribus
457 2529 646 2571 Romanis

25 2601 65 2648 ‘a
93 2589 309 2640 provinciis
357 2589 398 2629 &
445 2592 605 2645 regibus
633 2620 644 2640 ,

4 2654 6 2686 ζ
42 2650 132 2705 7quae
149 2650 188 2692 in
206 2650 410 2707 triumpho
426 2652 645 2703 ferrentur,

709 1861 754 1889 ut
775 1849 902 1903 paffim
922 1851 961 1890 in
982 1849 1320 1903 descriptionibus

709 1912 1000 1964 triumphorum
1012 1912 1129 1966 hujus
1144 1912 1219 1951 aevi
1234 1924 1321 1951 me-

710 1984 842 2015 morat
857 1974 1098 2014 Livius.Sed
1118 1973 1211 2012 hinc
1232 1983 1319 2013 tan·

711 2037 918 2076 tummodo
947 2036 1122 2090 sequitur
1142 2063 1153 2081 ,
1183 2036 1222 2076 ὅ(
1243 2049 1321 2074 co-

709 2112 832 2139 ronas
848 2098 978 2155 magni
998 2098 1198 2139 interdum
1214 2111 1326 2151 pon-

712 2161 817 2201 deris
837 2189 848 2208 ,
893 2163 931 2200 &
971 2175 1106 2201 aurum
1150 2174 1316 2200 coronae

710 2224 872 2263 nomine
905 2238 924 2262 a
962 2223 1192 2263 civitatibus
1232 2221 1315 2262 dari

710 2284 840 2324 solita.
872 2285 1097 2336 Utrumque
1130 2284 1320 2324 veniebat

709 2347 871 2386 nomine
896 2346 981 2385 auri
997 2345 1194 2386 coronarii
1212 2373 1222 2391 ‚
1245 2358 1321 2384 cu·

707 2406 771 2461 jus
799 2409 987 2462 frequens
1014 2409 1117 2459 apud
1141 2406 1320 2459 scripto-

707 2483 773 2510 res
799 2470 969 2510 mentio.
989 2468 1230 2522 Quindecim
1257 2478 1317 2509 ta-

709 2532 816 2571 lenta
850 2542 1007 2584 aequant
1050 2544 1202 2570 marcas
1246 2529 1320 2570 seu

710 2593 870 2633 selibras
911 2592 1103 2634 nostrates
1156 2589 1268 2642 1406
1304 2616 1321 2641 ,

711 2668 802 2697 cum
822 2654 948 2698 unciis
969 2667 1012 2696 2,
