1680 3052
298 124 345 180 L
392 137 414 179 1
459 104 575 177 η
621 136 661 177 R
757 119 1045 179 xxxr.
1232 131 1311 196 25

35 206 206 256 urbem
233 240 248 264 ,
283 221 336 251 ac
369 204 433 251 dii
464 217 618 268 prope
660 197 746 266 ipsi
783 202 925 249 exciti
964 200 1153 249 sedibus
1186 199 1511 266 suis‚U.c‚552.

41 286 350 338 exceperunt.
1323 268 1511 313 affiaoo-

103 340 218 388 XV.
249 338 303 386 ln
333 337 621 386 concionem
652 333 901 400 extemplo
934 335 1142 400 populus
1167 353 1315 382 voca·
1568 323 1615 366 Ψ

38 421 116 457 -tus
139 447 152 467 ,
177 421 227 455 ut
265 423 347 454 rex
369 442 382 464 ‚
404 423 508 470 quae
543 404 694 452 vellet
720 440 734 461 ‚
761 419 925 450 coram
962 416 1123 468 ageret
1145 419 1154 449 τ
1179 403 1318 450 dein-

42 475 106 524 de
153 493 210 524 ex
263 475 491 539 dignitate
537 473 686 538 magis
727 472 880 518 visum
906 506 920 530 ‚
957 469 1161 518 scribere
1205 486 1320 518 eum

44 542 108 592 de
155 541 323 608 quibus
369 540 615 587 videretur
647 575 661 598 ‚
716 537 860 603 quam
909 536 1196 602 praesentem
1242 550 1323 587 aut

46 609 309 659 referendis
341 605 429 655 suis
473 609 521 654 in
559 607 801 654 civitatem
841 603 1084 653 beneficiis
1121 603 1325 653 erubes-

47 694 192 736 cere,
227 692 304 724 aut
343 673 765 740 significationibus
807 671 1326 738 acclamationibusque

48 744 363 795 multitudinis
408 740 717 790 assentatione
769 741 1027 790 immodica
1085 741 1328 806 pudorem

50 814 308 862 onerantis.
342 809 395 857 ln
415 811 585 857 litteris
611 824 771 858 autem
794 846 808 869 ,
829 826 935 874 quae
967 807 1111 856 missae
1134 810 1180 856 in
1211 826 1330 856 con-

49 881 242 929 cionem
297 881 503 926 recitatae
560 875 663 926 sunt
706 913 721 935 ‚
770 879 1175 925 commemoratio
1228 889 1331 925 erat

49 946 400 998 beneficiorum
447 945 655 1011 primum
702 945 752 991 in
804 946 1047 993 civitatem
1098 943 1275 994 sociam
1311 982 1328 1004 ‚

51 1015 227 1064 deinde
253 1031 412 1063 rerum
442 1030 557 1078 quas
595 1012 822 1060 adversus
860 1011 1133 1079 Philippum
1165 1010 1334 1079 geffis-

53 1082 152 1143 set3
177 1083 236 1131 ad
257 1080 550 1148 postremum
576 1081 880 1139 adhortati03
906 1079 1225 1146 Capeffendum
1240 1080 1337 1128 bel-

54 1151 147 1201 lum
170 1189 187 1210 ,
208 1154 311 1198 dum
326 1150 376 1213 se
394 1186 408 1208 ‚
429 1151 534 1197 dum
557 1149 762 1197 Rhodios
782 1184 797 1206 ‚
821 1163 852 1211 7
872 1165 963 1197 tum
994 1150 1172 1214 quidem
1195 1186 1208 1208 ‚
1229 1151 1336 1196 dum

56 1220 193 1267 etiam
218 1222 448 1268 Romanos
480 1216 707 1264 haberent.
733 1217 1047 1280 Nequicquam
1080 1218 1231 1283 postea
1254 1254 1268 1275 ‚
1287 1218 1338 1279 st

10 1331 14 1336 .
58 1302 151 1336 mm
194 1284 416 1349 ceffaffent
453 1320 467 1342 ‚
505 1281 833 1350 praetermffzm
867 1286 1137 1348 occasionem
1175 1285 1333 1349 quaesi-

60 1369 202 1403 turos.
218 1352 400 1401 Rhodii
426 1351 599 1400 deinde
628 1351 773 1418 legati
803 1351 948 1399 auditi
973 1351 1076 1400 sunt
1094 1369 1104 1399 ε
1125 1368 1333 1418 quorum

61 1438 230 1470 recens
274 1434 374 1468 erat
417 1417 704 1482 beneficium
735 1456 753 1477 ,
797 1419 928 1484 quod
976 1437 1122 1470 naves
1164 1420 1334 1486 longas

61 1503 267 1553 quatuor
301 1486 664 1536 Atheniensium
702 1500 862 1552 captas
899 1505 1053 1553 nuper
1089 1507 1115 1536 a
1151 1486 1333 1536 Mace·
1382 1499 1540 1541 Dema

60 1556 269 1605 donibus
299 1553 701 1621 recuperatasque
732 1554 1021 1604 remiserant.
1055 1555 1220 1622 Itaque
1256 1557 1441 1604 in-nunt
1474 1564 1541 1602 A·

63 1625 195 1692 genti
227 1622 454 1672 consensu
477 1623 660 1671 bellum
690 1622 917 1671 adversus
945 1623 1220 1690 Philippum
1251 1623 1526 1672 cle-thanim-

64 1707 262 1741 cretum.
287 1690 514 1739 Honores
549 1692 650 1757 regi
674 1692 880 1756 primum
910 1690 1077 1741 Attalo
1108 1683 1403 1741 immodi-ses
1459 1684 1544 1752 hef·

66 1763 110 1809 εἰ
141 1797 155 1817 ,
191 1759 363 1819 deinde
410 1760 461 1807 &
495 1758 699 1806 Rhodiis
742 1758 891 1807 habiti
927 1776 938 1807 :
978 1773 1078 1808 tum
1130 1748 1460 1826 primhmluvz.
1500 1760 1542 1785 ”2

66 1828 251 1877 mentio
280 1827 408 1875 illata
435 1826 494 1875 de
529 1826 653 1874 tribu
673 1864 687 1885 ‚
712 1842 857 1890 quam
884 1826 1100 1876 Attalida
1129 1830 1335 1895 appella·
1356 1807 1511 1862 Plnlzp-

67 1909 174 1943 rent
203 1932 216 1953 ‚
251 1895 311 1942 ad
354 1895 524 1943 decem
562 1909 754 1944 veteres
793 1895 942 1944 tribus
983 1896 1206 1945 addenda
1246 1914 1257 1946 :
1291 1884 1465 1946 &pum-A

71 1960 374 2010 Rhodiorum
408 1962 616 2028 populus
645 1963 827 2011 corona
853 1964 993 2013 aurea
1023 1966 1208 2014 virtutis
1239 1983 1345 2032 gra·-

74 2030 138 2077 t-i'a
171 2029 373 2078 donatus
395 2067 408 2089 ,
427 2030 683 2095 civitasque
715 2029 917 2080 Rhodiis
946 2032 1054 2081 data
1072 2071 1086 2094 ,
1107 2034 1346 2098 quemad-

76 2097 279 2146 modum
311 2095 489 2146 Rhodii
528 2100 657 2164 prius
691 2096 1060 2149 Atheniensibus
1097 2101 1350 2152 dederant.

75 2163 350 2213 Secundum
369 2164 470 2213 haec
489 2203 503 2225 ‚
521 2183 604 2214 rex
626 2165 814 2215 Attalus
828 2166 1048 2235 AEginarn
1073 2170 1132 2217 ad
1158 2168 1348 2219 classem

76 2230 124 2280 se
158 2235 356 2295 recepit.
375 2231 555 2281 Rhodii
588 2233 616 2282 8
642 2231 784 2282 Ciam
812 2235 871 2283 ab
892 2235 1062 2303 AEgina
1080 2274 1094 2296 ‚
1116 2238 1228 2287 inde
1262 2254 1349 2304 per

77 2298 247 2349 insulas
278 2299 509 2349 Rhodum
542 2303 823 2369 navigarunt
851 2320 862 2351 ε
889 2306 1111 2354 omnibus
1136 2343 1151 2366 ‚
1181 2320 1351 2372 praeter

140 2418 166 2456 7
216 2403 311 2444 Tum
356 2404 504 2459 quidem
531 2435 544 2453 ,
597 2408 683 2447 dum
746 2406 980 2452 civitatem,
1006 2407 1134 2447 socios
1157 2408 1353 2450 haberent

84 2463 324 2518 etiam.]Ac
344 2467 510 2508 maxime
540 2468 578 2508 in
606 2469 685 2509 hoc
746 2479 907 2523 paratos
935 2469 981 2508 ad
1009 2468 1214 2509 auxilium.

86 2526 276 2580 temporis
294 2527 462 2569 articulo
484 2529 687 2585 capeffen-
811 2528 834 2570 S
885 2529 1048 2583 Ciam.]
1089 2530 1183 2569 Sive
1222 2531 1353 2572 Ceam.

86 2587 180 2625 dum
217 2588 363 2627 bellum
392 2617 404 2636 ,
443 2591 532 2631 dum
568 2593 688 2631 etiam
749 2590 975 2644 Utrumque
1033 2590 1137 2631 enim
1208 2605 1357 2637 nornen

87 2648 292 2691 Romanos
324 2677 336 2694 ,
386 2651 689 2703 potentissimam
751 2651 929 2709 ejusdem
965 2651 1100 2695 insulae
1136 2650 1207 2695 est.

228 2709 352 2759 Tom.
383 2715 441 2763 V.
1100 2708 1141 2761 Β
