1680 3052
235 92 283 156 L
329 115 352 156 1
394 112 430 155 Β
475 105 511 155 ε
556 113 597 155 a
674 83 1132 157 XXXVIII.
1223 98 1338 176 '593‘

72 183 191 228 'mum
213 181 342 228 ambo
371 198 454 246 pro
479 179 653 245 populo
674 182 879 227 Romano
907 195 1040 226 morte
1074 176 1547 245 occubuiffi·U,c,56{;

78 251 231 312 Quum
264 243 446 296 illorum
484 249 598 295 tueri
633 247 824 313 gloriam
856 248 1040 312 posteris
1061 247 1183 308 Jatis
1211 245 1311 309 eſjet
1332 248 1547 304 ,a.C.187·

75 316 137 363 P.
171 314 444 378 Africanum
479 316 652 363 tantum
682 329 899 379 paternas
929 312 1206 378 superaviffe
1242 314 1350 361 lau'·

66 382 158 428 -des
177 417 194 438 ,
211 398 260 430 ut
283 384 422 446 fidem
446 381 607 446 fecerit
628 419 644 439 ,
666 401 752 430 non
778 380 1001 446 sanguine
1026 381 1219 427 humano
1238 416 1251 439 ,
1268 380 1355 443 secl

67 450 204 514 stirpe
237 452 400 499 divinci
418 452 571 515 satum
595 450 646 514 se
674 448 768 511 effe.
788 452 842 496 L.
862 449 1119 514 Scipionem
1141 482 1158 503 ‚
1181 448 1234 492 de
1265 464 1352 509 quo

79 532 243 582 agatur
259 554 275 575 ‚
308 516 395 582 (ut
416 555 430 576 ‚
464 536 559 581 quae
591 520 638 565 in
671 517 903 582 Hispania
923 553 937 574 ‚
957 532 1052 580 quae
1080 516 1130 562 in
1152 511 1320 576 Africa
1337 549 1355 571 ,

81 601 218 647 quum
244 585 421 650 legatus
440 584 609 648 fratris
635 582 733 647 effet
750 621 765 644 ‚
781 581 990 650 geffiffet‚
1006 579 1362 647 praetereantur)

80 651 305 714 consulem
332 689 346 709 ‚
375 654 419 701 δ’
449 653 505 699 ab
520 652 686 717 senatu
720 655 900 715 dignum
928 650 1070 714 visum
1088 649 1197 709 ,cui
1228 662 1362 696 extra

74 717 239 783 fhrtem
272 721 390 782 Asta
420 720 662 785 provincia
681 754 700 776 ,
736 720 780 767 6³
812 718 976 767 bellum
1004 734 1101 765 cum
1128 715 1362 765 Antiocho

82 804 178 851 rege
216 787 518 835 decerneretur
538 806 560 846 ;
609 787 654 834 ὃ·
694 804 724 832 a
760 784 909 850 fratre
950 821 968 843 ,
1002 784 1075 832 cui
1115 785 1214 849 post
1247 784 1365 832 duos

83 870 166 900 con
190 853 346 902 ulatus
378 855 689 919 censuramque
723 853 766 901 fr·
797 854 1066 916 triumphum
1102 853 1277 917 legatus
1313 851 1365 899 in

83 922 250 983 Afiam
288 924 386 970 iret.
414 922 489 970 Ibi
528 941 580 971 ne
617 922 878 986 magnitudo
918 920 961 967 ἐξ)
985 920 1206 984 splendor
1226 918 1367 981 legati

87 988 305 1036 laudibus
344 990 541 1053 consulis
576 989 766 1055 officeret
797 1025 814 1047 ,
853 986 975 1052 forte
1018 989 1085 1035 ita
1121 985 1324 1049 incidiffe
1348 1022 1366 1046 ,

88 1071 139 1103 ut
163 1092 176 1111 ‚
198 1075 284 1119 quo
308 1059 377 1104 die
405 1060 468 1104 ad
497 1057 778 1123 Magnesiam
802 1056 947 1122 fignis
971 1054 1156 1103 collatis
1178 1053 1235 1104 L.
1259 1055 1369 1101 Sci-

80 1124 164 1189 pio
201 1126 479 1172 Antiochum
514 1122 746 1187 devixiffi’t
771 1159 788 1181 ,
819 1141 926 1188 aeger
952 1123 1014 1170 P.
1040 1120 1197 1188 Scipio
1223 1122 1365 1170 Elaeae

88 1192 261 1238 dierum
295 1193 471 1256 aliquot
508 1192 589 1241 vici
622 1189 797 1255 abeffit.
829 1193 941 1239 Non
972 1187 1108 1255 fitiſjt}
1154 1191 1367 1238 minorem

87 1277 185 1306 eum
222 1261 463 1307 exercitum
488 1295 505 1317 ‚
537 1259 671 1324 quam
707 1257 963 1307 Annibalis
996 1294 1012 1318 ‚
1050 1273 1147 1304 cum
1187 1275 1273 1322 quo
1315 1257 1366 1305 in

88 1323 254 1389 Africa
291 1325 390 1389 effit
417 1343 681 1392 pugnatum.
706 1325 981 1374 Annibalem
1012 1326 1206 1372 eumdem
1225 1322 1366 1388 fuist}

89 1393 208 1440 inter
241 1396 404 1441 multos
449 1396 569 1442 alios
609 1393 752 1457 regios
786 1395 921 1440 duces
947 1429 965 1449 ‚
999 1393 1077 1456 qui
1125 1393 1368 1458 imperator

93 1462 266 1510 Punici
292 1462 402 1509 belli
425 1459 586 1522 fiterit.
613 1463 681 1509 Et
705 1460 869 1508 bellum
900 1461 1076 1524 quidem
1108 1460 1176 1508 ita
1207 1461 1369 1525 gestum

92 1527 173 1592 effe
193 1566 207 1587 ,
232 1544 281 1576 ut
319 1547 371 1576 ne
395 1524 631 1592 fortunam
669 1529 844 1593 quidem
877 1528 1110 1591 quislquanz
1135 1526 1371 1576 criminari

87 1597 237 1661 poffit.
264 1596 319 1644 In
347 1614 463 1661 pace
492 1599 656 1645 crimen
680 1596 814 1659 quaeri
837 1613 858 1654 ,·
885 1613 980 1642 eam
1013 1596 1107 1643 dici
1132 1611 1164 1655 4
1188 1594 1372 1658 venifi-

93 1664 193 1712 Hic
213 1667 359 1710 decem
390 1665 562 1730 legatos
587 1665 729 1730 fimul
756 1663 917 1730 argui,
949 1680 1132 1727 quorum
1173 1681 1229 1710 ex
1257 1681 1372 1711 con-

86 1732 198 1794 filio
233 1732 344 1779 data
364 1749 466 1796 pax
495 1731 611 1796 effet.
644 1732 769 1797 Quin
801 1730 1004 1797 exstitzſje
1037 1749 1093 1778 ex
1127 1732 1272 1778 decem
1303 1732 1372 1778 le-

91 1799 248 1864 gatis,
277 1801 354 1862 qui
390 1801 473 1848 Cn.
504 1800 737 1848 Manlium
776 1800 1073 1862 accusarent:
1103 1813 1250 1846 tamen
1281 1816 1371 1846 non

99 1866 230 1914 modo
261 1868 325 1912 ad
357 1868 557 1914 criminis
584 1868 722 1931 fidem
746 1903 758 1923 ‚
779 1865 865 1928 βό
889 1884 942 1913 ne
977 1868 1041 1912 ad
1073 1884 1240 1913 moram
1273 1866 1376 1930 quiq

32 1973 36 1977 ,
99 1935 197 1981 dem
230 1935 442 1998 triumphi
480 1951 578 1980 eam
617 1933 946 1998 accusationem
982 1932 1192 1996 valuiffe.

167 1998 296 2048 LIX.
330 2004 400 2049 At
420 2037 436 2058 ,
455 2000 631 2049 hercule
650 2038 667 2058 ,
687 2001 733 2048 in
761 2001 974 2065 Scipione
1003 2000 1102 2064 ipsa
1134 2001 1250 2066 leges
1281 2012 1376 2065 pa*

95 2069 166 2116 'cis
187 2104 204 2126 ,
226 2083 275 2116 ut
310 2069 495 2116 nimium
529 2069 893 2118 accommodatas
920 2067 1152 2116 Antiocho
1178 2068 1374 2133 ‚suspe-

102 2138 196 2184 aas
248 2133 342 2199 effe.
391 2137 615 2202 Integrum
667 2137 782 2184 enim
832 2136 872 2183 ei
916 2153 1093 2201 regnum
1139 2136 1333 2182 relitlum
1357 2153 1373 2185 .·

103 2204 258 2252 omnia
280 2203 490 2269 poffidere
513 2223 608 2252 eum
629 2205 789 2252 villum
810 2239 826 2260 ,
846 2221 939 2267 quae
961 2218 1063 2251 ante
1082 2202 1248 2250 bellum
1275 2200 1377 2265 ejus

93 2269 428 2335 fiterint:auri
463 2272 508 2320 δ’
546 2272 717 2338 argenti
751 2288 884 2336 quum
916 2271 1007 2318 vim
1042 2288 1248 2335 magnam
1282 2270 1379 2317 ha-

106 2337 261 2402 buiffiet
285 2375 299 2398 ,
321 2340 441 2387 nihil
465 2340 515 2388 in
541 2341 772 2406 publicum
799 2339 988 2386 relatum
1014 2355 1169 2399 ‚omne
1199 2339 1246 2385 in
1272 2339 1378 2403 pri-

103 2422 262 2458 vatum
297 2408 484 2473 versum.
514 2423 535 2474 5
563 2413 648 2458 An
682 2426 772 2457 non
800 2420 964 2473 praeter
994 2407 1188 2455 omnium
1218 2405 1375 2455 oculos

166 2569 194 2607 4
227 2556 432 2614 Veniffe.]
469 2558 705 2607 Venumda-
835 2572 853 2611 5
878 2558 944 2599 An
972 2572 1102 2600 ηοη...
1133 2569 1282 2596 tantum
1310 2570 1377 2597 au·

103 2629 186 2675 ‚tam
214 2619 309 2665 effe.
768 2620 851 2665 η’...
870 2620 927 2676 fit
951 2617 1125 2673 latum}
1147 2618 1254 2660 Dele
1280 2630 1382 2661 ver-
