1680 3052
344 122 460 203 258
628 122 684 182 T
725 139 747 180 1
790 140 831 181 T
874 139 898 180 1
997 124 1042 180 L
1091 143 1117 182 1
1160 138 1206 179 v
1249 140 1271 180 1
1314 138 1338 181 1
1614 185 1629 196 ‚

135 210 325 271 U.c,557,
405 201 646 255 XXXIX.
668 204 925 254 Romanos
958 205 1117 270 primo
1144 203 1429 254 sustinebant
1455 204 1504 255 in
1537 215 1635 259 an&

134 268 494 339 a.C.195.gustiis
528 272 890 323 Lacedaemonii
925 288 941 333 3
977 288 1220 340 ternaeque
1246 275 1371 324 acies
1396 279 1620 340 tempore

335 359 435 390 uno
457 341 577 390 locis
604 340 801 391 diversis
828 342 1109 407 pugnabant
1132 359 1146 401 3
1171 341 1348 391 deinde
1380 342 1621 396 crescente

337 412 604 458 certamine
626 447 640 469 ‚
661 426 970 475 nequaquam
996 424 1097 459 erat
1125 411 1340 476 praelium
1365 428 1484 477 par3
1509 412 1623 460 mis-

336 475 496 526 filibus
531 480 663 527 enim
692 477 1052 527 Lacedaemonii
1084 479 1363 545 pugnabant
1389 516 1403 536 ‚
1452 497 1483 527 a
1513 480 1622 545 qui-

337 545 426 594 bus
458 545 504 595 se
538 546 591 594 ἃ.
621 543 954 613 magnitudine
989 545 1105 595 scuti
1126 544 1354 612 perfacile
1376 545 1626 596 Romanus'

336 612 558 662 tuebatur
598 615 735 663 miles
766 651 781 676 ,
821 615 875 663 &
912 614 1046 681 quod
1079 614 1157 663 alii
1186 617 1301 664 vani
1333 653 1348 676 ,
1381 615 1458 663 alii
1489 615 1624 668 leves

338 682 606 730 admodum
643 681 760 744 istus
793 697 930 731 erant
962 699 978 743 3
1018 701 1126 730 nam
1161 698 1363 750 propter
1395 683 1628 750 angustiae

338 749 434 798 loci
465 788 480 812 ‚
512 748 889 817 confertamque
929 752 1119 799 turbam
1159 767 1191 817 9
1232 762 1336 802 hon
1371 753 1527 801 modo
1567 751 1628 802 ad

340 819 612 868 emittenda
641 836 750 868 curn
785 820 1013 886 procursu
1035 858 1051 877 ,
1120 837 1183 867 uo
1216 821 1478 886 plurimum
1509 822 1630 869 con-'⁷

340 889 542 936 citantur
574 887 703 947 tela,
732 887 937 952 spatium
972 838 1245 947 habechanss
1278 888 1357 938 sed
1387 905 1448 937 ne
1481 903 1532 936 ut
1568 887 1628 938 de

340 954 491 1021 gradu
523 955 721 1021 quidem
749 956 905 1005 libero
939 973 992 1004 ac
1019 955 1169 1005 stabili
1199 972 1503 1005 conarentur.
1529 954 1631 1005 Ita-

341 1039 436 1088 que
460 1040 518 1072 ex
542 1023 744 1073 adverso
767 1021 899 1072 missa
930 1024 1028 1072 tela
1048 1062 1062 1085 ‚
1082 1024 1212 1072 nulla
1239 1026 1287 1072 in
1315 1024 1632 1091 corporibus,

341 1108 446 1139 rara
479 1092 527 1139 in
564 1090 702 1141 scutis
735 1092 984 1141 haerebant
1014 1107 1030 1151 3
1067 1110 1092 1140 a
1128 1091 1534 1141 circumstantibus
1570 1108 1649 1149 ex*

341 1157 665 1226 superioribus
699 1160 820 1209 locis
857 1160 1053 1227 quidam
1082 1161 1320 1209 vulnerati
1356 1160 1490 1210 sunt:
1517 1177 1637 1212 mox

341 1226 615 1296 progressos
638 1227 735 1292 jam
767 1231 911 1278 etiam
942 1246 1002 1278 ex
1032 1228 1168 1277 teffis
1194 1247 1294 1278 non
1317 1229 1414 1279 tela
1437 1230 1634 1290 modo5'

342 1297 425 1346 sed
471 1297 646 1364 tegulae
699 1315 898 1364 quoque
949 1299 1258 1363 inopinantes
1305 1298 1633 1364 perculerunt.

343 1364 550 1414 Sublatis
583 1365 761 1416 deinde
789 1366 928 1432 supra
960 1368 1118 1433 capita
1145 1365 1286 1415 scutis
1317 1365 1635 1421 continuatis-f

343 1451 438 1498 que
464 1436 530 1485 ita
559 1435 682 1483 inter
705 1436 752 1483 se
774 1471 788 1494 ,
807 1451 858 1484 ut
889 1452 988 1484 non
1020 1434 1174 1483 modo
1203 1434 1264 1483 ad
1296 1452 1452 1484 caecos
1478 1434 1593 1484 ictus
1613 1469 1633 1495 ‚

343 1502 428 1551 sed
462 1519 524 1552 ne
553 1502 612 1550 ad
648 1502 956 1553 inferendum
998 1503 1197 1570 quidem
1250 1519 1310 1552 ex
1355 1504 1636 1570 propinquo

345 1572 497 1620 telum
525 1570 624 1620 loci
646 1574 905 1638 quicquam
933 1569 1048 1621 esset
1066 1609 1081 1633 ‚
1104 1571 1341 1621 testudine
1383 1571 1505 1621 facia
1528 1571 1638 1622 sub-

347 1639 496 1689 ibant.
515 1655 534 1688 1
551 1638 610 1687 Et
630 1642 788 1706 primo
808 1640 1031 1708 angustiae
1053 1639 1290 1707 paulisper
1310 1639 1390 1688 sua
1409 1638 1639 1690 hostium-

349 1725 447 1775 que
482 1706 672 1758 refertae
713 1709 853 1759 turba
890 1723 1150 1758 tenuerunt
1189 1725 1200 1756 :
1240 1708 1554 1775 posteaquam
1585 1708 1636 1759 in

348 1779 677 1843 patentiorem
700 1779 833 1827 viam
865 1777 993 1825 urbis
1023 1777 1255 1843 paulatim
1278 1793 1506 1844 urgentes
1536 1776 1639 1829 hio-

304 1875 307 1878 ·
349 1844 472 1894 stem
510 1844 818 1912 processere,
852 1863 953 1896 non
996 1845 1119 1895 ultra
1157 1847 1230 1895 vis
1273 1862 1444 1896 eorum
1489 1856 1642 1912 atque¹

352 1915 561 1979 impetus
594 1913 806 1964 sustineri
840 1928 1081 1981 poterant.
1104 1912 1276 1979 Quum
1300 1928 1435 1981 terga
1463 1911 1640 1963 vertis-

351 1980 453 2031 sent
473 1982 865 2043 Lacedaemonii,
887 1983 939 2032 &
970 1980 1120 2032 effusa
1151 1981 1265 2049 fuga
1287 1981 1528 2048 superiora
1551 1998 1640 2048 pe-

352 2064 514 2099 terent
535 2052 645 2101 loca
669 2069 682 2110 ·,
706 2050 858 2100 Nabis
890 2052 1085 2117 quidem
1106 2089 1120 2111 ‚
1145 2065 1196 2099 ut
1225 2052 1366 2116 capta
1395 2049 1514 2100 urhe
1542 2065 1641 2113 τῖες

353 2119 523 2184 pidans
545 2157 563 2178 ,
593 2121 804 2186 quanam
835 2119 934 2186 ipse
967 2119 1197 2168 evaderet
1228 2157 1242 2179 ‚
1277 2115 1641 2183 circumspecsta-⁴

351 2187 449 2236 bat.
471 2186 771 2254 Pythagoras
802 2205 950 2254 quum
977 2188 1046 2239 ad
1075 2201 1235 2237 cetera
1261 2189 1423 2235 animo
1448 2185 1639 2235 officio-

353 2273 448 2322 que
480 2255 610 2304 ducis
643 2254 967 2324 fungebatur,
1009 2270 1114 2305 tum
1157 2256 1276 2306 verb
1309 2273 1429 2303 unus
1463 2272 1523 2303 ne
1556 2271 1639 2303 ca-

176 2339 547 2389 sua-caperetur
566 2324 678 2373 urbs
710 2324 846 2373 causa
875 2324 964 2373 fuit
988 2341 1003 2384 ;
1027 2324 1250 2373 succendi
1282 2325 1411 2371 enim
1436 2321 1655 2378 aedificia,

148 2405 295 2447 duntur
351 2395 574 2459 proxima
592 2410 731 2443 muro
750 2391 907 2458 juffit3
931 2411 1037 2460 quae
1058 2409 1204 2460 quum
1228 2406 1485 2441 momento
1511 2405 1634 2440 tem-

150 2466 199 2506 “b
221 2465 344 2523 ‘'hses'
417 2501 443 2540 9
466 2488 560 2529 Non
577 2487 692 2527 modo
708 2517 718 2527 .
736 2517 746 2527 .
766 2517 777 2527 .
792 2484 965 2542 spatium
1030 2484 1263 2541 Elegantius
1299 2485 1407 2525 foret
1438 2511 1450 2531 ,
1485 2483 1637 2539 prima.

143 2527 198 2582 fi⁵
214 2531 560 2601 d⁰m¹f⁵habebant.
575 2550 592 2604 ]
609 2551 704 2590 Non
718 2549 840 2590 modo
854 2562 961 2589 non:
1028 2546 1169 2587 Primae
1196 2546 1376 2602 angustz‘ae
1406 2546 1492 2585 sunt
1515 2558 1636 2599 angu-

152 2605 261 2658 ¹⁷²,¹‘r⁰
282 2609 397 2656 '‘¹‘ut
417 2612 521 2667 saepe
554 2613 633 2667 jam
663 2612 961 2651 annotavimus.
1029 2608 1107 2649 fliae
1133 2608 1260 2661 primo
1289 2619 1551 2653 occurrentes
1580 2607 1643 2660 ia·q

154 2665 264 2701 φιβ’
422 2687 442 2717 1
476 2674 534 2716 Et
567 2673 695 2732 primo
730 2673 922 2733 angustiae.
942 2671 961 2727 ]
1029 2671 1246 2715 nantibus.
1630 2675 1632 2679 '
