1680 3052
221 124 267 181 L
311 139 335 179 1
379 136 413 178 Β
461 88 583 177 ΕΞ
665 116 1042 178 XXXVI.
1178 139 1298 196 409

20 205 199 256 undem
234 205 378 252 >modo
418 200 717 268 promptiores
762 200 829 246 ad
867 200 1004 247 aliud
1043 201 1502 269 periculuntU,c‚561;

18 275 268 336 novumque
301 271 497 319 laborem
530 272 672 318 ituros
701 268 855 314 credat
877 304 891 326 ‚
915 268 957 332 fi
979 266 1210 332 persoluta
1235 271 1295 317 iis
1309 272 1500 324 2.C.191.

10 341 117 406 stne,
140 340 448 387 detreaatione
477 337 643 403 prioris
664 335 859 400 periculi
895 335 1147 398 laborisque
1181 353 1298 383 rner-

23 425 94 457 ces
128 409 180 468 fit
205 444 219 466 ‚
250 426 311 454 an
336 443 349 465 ‚
379 406 571 471 fifi’em
607 421 692 468 pro
718 420 762 448 re
784 401 983 466 ferentes
1022 402 1296 462 dimittant,

4 473 113 542 'jam
148 475 289 537 semel
325 475 373 521 in
406 476 555 539 prima
585 471 669 535 spe
705 471 913 535 deceptos
944 471 972 517 ,Ρ
1013 472 1139 518 Nam
1173 473 1299 534 quod

22 543 88 597 ad
113 542 164 606 se
197 544 429 597 attineat,
457 541 546 605 fibi
568 539 720 604 gloriae
749 539 800 584 in
832 554 1001 585 omnem
1032 539 1176 587 vitam
1210 538 1299 585 illo

23 611 96 658 die
122 610 242 674 satis
280 610 505 674 quaefitum
537 605 617 669 effi?
642 643 661 664 ⁷,
696 623 782 669 quo
815 604 867 669 se
901 607 1048 654 virum
1081 606 1300 670 optimum

19 674 281 744 judicatum
316 678 382 723 ad
412 676 724 740 accipiendam
762 675 964 722 Matrem
1000 675 1171 721 Idaeam
1212 674 1304 721 mi-

9 743 137 811 ‚fiffit
158 744 363 808 senatus.
384 747 490 791 Hoc
518 743 651 791 titulo
672 778 687 801 ‚
711 742 792 803 etfi
820 758 900 788 nec
924 740 1187 805 consulatus
1219 758 1303 789 nec

25 813 276 876 triumphus
298 813 499 859 addatur
518 847 535 867 ,
553 810 675 873 fatis
701 810 919 874 honestam
947 809 1300 874 honoratamque

27 877 58 928 8
89 882 148 928 P.
182 879 412 944 Scipionis
442 880 622 941 Naficae
656 877 894 940 imaginem
919 875 1042 940 fore.
1075 876 1506 936 Univer-Etimpe-;

18 945 97 996 'sus
134 945 321 995 senatus
362 963 462 994 non
506 945 604 1009 ipse
644 945 796 992 modo
837 943 899 991 ad
938 944 1412 993 decernendumcrat.

27 1014 323 1079 triumphum
354 1012 589 1061 consenfit
608 1048 623 1071 ‚
643 1011 730 1060 sed
759 1013 902 1060 etiam
935 1013 1177 1062 tribunum
1207 1015 1307 1079 ple-

25 1081 98 1131 bis
141 1081 418 1131 au&oritate
463 1081 544 1129 su&
582 1080 814 1145 compulit
861 1080 922 1127 ad
963 1083 1308 1130 remittendam

27 1148 432 1199 intercessionem.
464 1147 518 1197 P.
551 1146 807 1198 Cornelius
846 1147 1008 1196 consul
1038 1151 1308 1215 triumpha-

27 1220 100 1267 vit
131 1218 193 1266 de
229 1217 461 1277 Boiis3in
495 1233 556 1265 eo
592 1215 838 1280 triumpho
863 1213 1064 1266 Gallicis
1098 1235 1308 1283 carpen-

28 1287 90 1348 tis
136 1303 268 1334 arma
324 1285 550 1351 lignaque
602 1283 656 1332 &
711 1284 862 1349 spolia
912 1286 1068 1332 omnis
1117 1288 1308 1351 generis

29 1353 290 1403 transvexit
312 1390 327 1412 ‚
356 1355 409 1400 &
435 1352 543 1401 vasa
571 1367 704 1399 aenea
736 1350 960 1400 Gallica:
990 1353 1043 1401 ὃς
1073 1369 1181 1401 cum
1218 1372 1308 1402 ca-

30 1423 178 1487 ptivis
229 1420 469 1470 nobilibus
520 1428 758 1485 equorum
800 1436 995 1485 quoque
1046 1437 1306 1486 captorum

29 1505 229 1555 gregem
285 1488 508 1538 traduxit..
565 1488 756 1535 Aureos
812 1502 1007 1553 torques
1068 1487 1306 1539 transtulit

29 1557 159 1608 mil-le
182 1556 557 1622 quadringentos
579 1554 904 1622 septuaginta3
938 1555 998 1603 ad
1022 1554 1123 1604 haec
1146 1572 1176 1620 9
1202 1559 1308 1606 auri

30 1624 201 1688 pondo
227 1624 432 1672 ducenta
458 1623 771 1689 quadraginta
800 1625 1011 1690 quinque
1031 1660 1045 1683 ‚
1072 1639 1091 1670 1
1121 1625 1308 1691 argenti

28 1691 192 1740 infeffi
231 1690 436 1756 fafflque
477 1694 525 1739 in
566 1689 764 1739 Gallicis
816 1690 938 1741 vafis
974 1708 1075 1740 non
1122 1693 1311 1742 infabre

17 1758 116 1814 ,suo
163 1776 299 1808 more
340 1759 473 1807 faffis
521 1758 620 1807 duo
656 1759 804 1807 millia
850 1774 1067 1808 trecenta
1098 1760 1312 1825 quadra-

33 1829 161 1894 ginta
187 1827 355 1892 pondo
373 1865 387 1888 ‚
414 1843 440 1874 2
470 1826 745 1893 bigatorum
767 1844 1075 1876 nummorum
1101 1828 1312 1878 ducenta
1378 1861 1386 1868 -

31 1895 226 1962 triginta
249 1899 336 1944 tria
359 1912 374 1955 3
401 1895 628 1944 militibus
647 1932 663 1955 2
689 1896 772 1962 qui
801 1911 990 1944 currum
1010 1896 1156 1946 secuti
1173 1895 1311 1958 sunt,

32 2041 114 2097 dat.
135 2041 151 2094 ]
173 2041 323 2081 Ultima
342 2055 424 2082 vox
449 2039 639 2094 superva-
703 2053 769 2079 cas
790 2039 981 2080 nostrates
1004 2039 1088 2092 382
1104 2068 1114 2088 ,
1130 2055 1220 2081 cum
1236 2055 1316 2091 um

33 2116 157 2143 canea
178 2103 246 2141 est.
704 2101 773 2141 ciis
795 2102 861 2140 sex
881 2102 922 2142 &
940 2101 1155 2142 semuncia.

97 2164 122 2203 8
166 2163 215 2203 P.
254 2162 456 2217 Scipionis
487 2162 639 2215 Naficae

35 2223 279 2280 Imagt'ncm.J
301 2224 543 2278 Imaginibus
564 2226 642 2264 cla·

33 2298 167 2340 rorum
202 2287 379 2326 virorum
422 2285 640 2325 subscribe-

35 2348 176 2388 bantui·
195 2348 299 2388 tituli
318 2348 516 2386 honorum
540 2361 640 2399 quos

32 2408 230 2464 ffeffiffent
247 2402 263 2456 ,⁷
280 2410 321 2449 δε
338 2407 363 2448 fi
385 2409 476 2462 quid
496 2409 574 2447 illis
592 2408 640 2448 ad

37 2471 202 2525 gloriam
253 2469 402 2524 insigne
451 2469 640 2525 contigis-

36 2531 112 2573 set.
252 2540 258 2544 ’

98 2604 123 2644 9
151 2592 255 2638 Auri
297 2593 430 2646 pondo
475 2594 641 2633 ducenta

37 2655 294 2714 quadraginta
313 2654 489 2708 quinque.
502 2655 518 2709 ]
533 2654 642 2698 Mat-

214 2715 338 2765 Tomo
364 2718 420 2767 V·

770 2174 786 2202 1
812 2162 1003 2218 Argenti.
1024 2191 1060 2203 ..
1084 2164 1158 2203 duo
1180 2163 1312 2205 millia

703 2236 878 2264 trecenta
914 2224 1172 2281 quadraginta
1207 2241 1314 2280 pon-

704 2286 770 2325 do.
803 2286 821 2338 ]
882 2285 1043 2325 Marcas
1114 2286 1313 2328 nostrates

705 2347 822 2399 3656
845 2374 856 2392 ‚
890 2360 978 2386 cum
1000 2347 1124 2388 unciis
1145 2361 1187 2387 2.

766 2419 791 2448 2
820 2407 1050 2462 Bigatorum
1075 2424 1311 2450 nummorum

703 2469 868 2508 ducenta
887 2470 1049 2523 triginta
1065 2470 1191 2527 tria3]
1209 2471 1312 2524 Sup-

703 2532 771 2584 ple
807 2558 818 2577 ‚
884 2531 1028 2570 millia.
1106 2531 1312 2571 Denarios

707 2602 918 2643 2330003
956 2605 1107 2631 marcas
1155 2592 1314 2648 argenti

706 2652 824 2709 3640
844 2680 857 2704 ‚
887 2667 975 2695 cum
1008 2652 1135 2695 unciis
1166 2664 1208 2707 ς.
