1680 3052
325 138 407 200 94
587 121 648 181 T
689 139 711 180 1
753 139 794 182 T
833 138 861 180 1
947 122 994 180 L
1039 139 1063 180 1
1113 139 1160 179 v
1201 140 1224 182 1
1269 138 1293 181 1

118 219 265 275 Ue„
272 235 312 274 4·
325 204 433 253 tulit
463 219 478 253 t
511 202 746 255 dedidere
795 205 1027 270 deinceps
1066 203 1163 255 sese
1185 243 1199 265 ,
1234 206 1315 272 qui
1351 202 1613 274 Argenta}

114 275 312 332 a.C.198.
328 271 508 339 quique
538 272 800 324 Pherinum
819 311 833 334 ‚
869 274 924 322 ὃς
949 272 1274 333 Thimarum,
1321 274 1376 323 &
1404 271 1583 326 Lisinas
1601 314 1620 338 ,

324 342 380 390 δι
427 340 703 391 Stimonem
728 379 741 402 ,
777 341 830 390 &
873 340 1135 406 Lampsum
1174 341 1353 391 habent
1375 380 1390 402 ‚
1426 345 1619 411 aliaque

321 407 514 459 castella
552 409 688 475 juxta
711 410 963 477 ignobilia.
984 408 1124 457 Dum
1155 408 1455 460 Athamanes
1475 413 1619 462 AEto-

315 478 449 545 lique
473 516 487 539 ,
516 477 761 528 summoto
781 476 1117 527 Macedonum
1135 493 1301 539 metu,
1341 494 1361 543 5
1389 481 1436 527 in
1458 480 1616 531 aliena

314 546 518 597 vicioria
548 546 678 595 suam
716 545 932 612 praedam
969 545 1181 607 faciunt,
1213 546 1550 614 Thessaliaque
1583 568 1614 600 a

315 616 468 664 tribus
489 613 626 664 simul
656 615 974 675 exercitibus,
998 617 1183 664 incerta
1217 633 1364 682 quem
1392 616 1616 680 hostem,

315 700 531 749 quemve
581 684 764 732 socium
815 683 1038 733 crederet
1074 721 1090 744 ‚
1142 683 1394 746 vastatur3
1447 684 1614 736 consul

313 751 564 812 faucibus,
607 770 724 819 quas
754 751 868 820 fuga
899 751 1109 801 hostium
1131 770 1418 818 aperuerat,
1455 755 1503 803 in
1528 772 1613 805 re·-

317 822 518 887 gionem
561 818 693 887 Epiri
725 819 1061 889 transgressus,
1099 820 1184 871 etsi
1220 822 1376 888 probe
1414 821 1498 871 scit
1531 825 1611 874 cui

120 890 470 968 'Epirotispastis
507 887 745 957 Charopo
766 892 986 956 principe
1016 905 1258 956 excepto,
1297 890 1513 958 Epirotae
1534 892 1613 941 fa-

110 971 282 1029 ignoscit
313 957 487 1009 viss'ent
506 995 520 1018 ‚
550 973 713 1008 tamen
737 996 752 1019 ‚
785 959 895 1025 quia
929 958 959 1008 6
992 958 1051 1007 ab
1069 957 1390 1010 satisfaciendi
1410 978 1613 1028 quoque

109 1034 267 1093 consul.
314 1045 427 1076 cura
453 1030 690 1093 imperata
714 1027 856 1076 enixe
885 1025 1045 1076 facere
1077 1028 1214 1077 videt
1235 1066 1250 1089 ,
1287 1046 1347 1077 ex
1384 1029 1608 1096 praesenti

313 1112 400 1147 eos
437 1098 600 1163 potius
621 1133 636 1156 ,
677 1094 825 1162 quam
859 1112 920 1145 ex
950 1097 1197 1163 praeterito
1232 1096 1433 1147 aestimat
1465 1098 1609 1147 habi-

309 1179 364 1214 tu
388 1201 405 1227 ,
442 1165 494 1215 &
530 1165 587 1215 ea
614 1164 718 1232 ipsa
752 1164 982 1215 facilitate
1015 1167 1175 1214 veniae
1211 1167 1400 1216 animos
1432 1184 1608 1218 eorum

307 1236 358 1283 in
412 1232 662 1301 posterum
705 1234 949 1284 conciliat.
997 1231 1153 1283 Miffis
1203 1234 1383 1285 deinde
1424 1239 1609 1287 nunciis

309 1301 592 1371 Corcyram
614 1341 629 1363 ‚
664 1318 718 1352 ut
751 1304 983 1353 onerariae
1023 1318 1172 1352 naves
1201 1303 1250 1352 in
1281 1302 1435 1353 finum
1456 1307 1609 1355 veni-

307 1385 418 1422 rent
449 1372 768 1422 Ambracium
791 1410 806 1433 ‚
840 1371 939 1439 ipse
975 1370 1249 1439 progressus
1286 1374 1494 1422 modicis
1530 1375 1610 1423 iti-

307 1441 537 1503 neribus,
576 1456 750 1509 quarto
775 1442 854 1490 die
889 1442 939 1490 in
968 1454 1136 1489 monte
1177 1439 1413 1492 Cercetio
1445 1442 1606 1508 posuit

303 1508 490 1571 castra,
532 1510 714 1560 eodem
765 1509 1096 1576 Amynandro
1136 1527 1247 1558 cum
1283 1508 1375 1559 suis
1415 1513 1605 1562 auxiliis

304 1580 505 1640 accit03
539 1597 642 1628 non
678 1593 778 1628 tam
817 1580 994 1628 virium
1024 1575 1128 1643 ejus
1161 1595 1348 1646 egenS,
1383 1581 1529 1645 quam
1550 1595 1605 1631 ut

307 1647 459 1697 duces
484 1650 534 1697 in
567 1646 858 1697 Thessaliam
892 1647 1094 1696 haberet
1124 1664 1136 1695 ε
1166 1649 1227 1695 ab
1265 1647 1447 1697 eodem
1479 1668 1604 1699 con-

305 1715 411 1766 filio
431 1755 446 1777 ‚
494 1717 548 1766 &
577 1717 797 1785 plerique
829 1715 1142 1784 Epirotarum
1181 1717 1447 1766 voluntarii
1476 1720 1605 1769 inter

304 1787 481 1835 auxilia
513 1788 722 1853 accepti.
1561 1847 1565 1849 v

143 1883 297 1927 Phale-
373 1854 492 1903 XV.
522 1854 735 1904 Primam
753 1854 944 1905 urbium
963 1852 1217 1904 Thessaliae
1239 1853 1512 1904 Phaleriam
1533 1854 1604 1906 est
1650 1891 1659 1899 κ

102 1948 204 1990 riam
255 1923 548 1991 inaggreffus
586 1941 597 1972 ε
630 1925 729 1974 duo
753 1925 902 1973 millia
937 1923 1273 1972 Macedonum
1291 1925 1338 1971 in
1372 1924 1599 1988 praesidio

105 2010 262 2071 Theffa-
305 1992 519 2042 habebat
545 2030 560 2053 ‚
618 1994 702 2060 qui
754 1994 913 2060 primb
965 1991 1150 2041 summa
1192 1993 1244 2040 vi
1286 1991 1600 2055 restiterunt,

97 2064 544 2132 &acupinquantum
584 2080 746 2121 arma,
780 2063 1016 2128 quantum
1050 2064 1233 2109 moenia
1280 2061 1403 2110 tueri
1442 2077 1603 2128 pote-

304 2144 411 2179 rant
443 2147 455 2178 :
482 2129 565 2178 sed
596 2132 901 2199 oppugnatio
922 2131 1182 2188 continua,
1217 2147 1318 2178 non
1353 2129 1430 2178 die
1449 2166 1464 2189 ‚
1490 2146 1595 2182 non

301 2198 448 2251 nocie
485 2198 708 2259 remissa,
745 2216 776 2265 7
810 2217 960 2267 quum
989 2198 1155 2248 consul
1183 2199 1232 2248 in
1257 2216 1319 2249 eo
1342 2199 1469 2249 verti
1488 2216 1592 2259 cre·¹

363 2335 380 2376 ς
403 2323 452 2364 In
474 2323 608 2364 aliena
624 2323 788 2364 vift'oria
800 2321 907 2377 fuam
972 2323 1188 2366 Romanis.

290 2389 462 2446 praedam
503 2385 676 2440 faciunt.
700 2387 717 2440 ]
770 2386 908 2438 Quum
1034 2401 1059 2438 7
1079 2386 1207 2445 Quum
1220 2380 1358 2438 consul
1370 2384 1408 2424 in
1423 2398 1469 2424 eo
1483 2381 1588 2425 verti

292 2450 362 2491 alii
379 2479 389 2498 ,
405 2463 549 2502 nempe
568 2447 739 2489 Romani
759 2478 768 2495 ,
794 2448 907 2488 vicis·
971 2450 1198 2488 crederet...
1220 2447 1417 2499 animos.]
1443 2445 1585 2498 Quum

293 2512 408 2558 sent,
428 2512 594 2566 praedam
607 2510 905 2552 sibivindic-mt.
972 2510 1108 2550 consul
1132 2509 1317 2549 crederet
1339 2522 1389 2549 ex
1410 2522 1461 2549 eo
1480 2522 1587 2561 pen-

359 2574 386 2615 6
400 2571 748 2627 Absarixfhciendi
759 2588 907 2627 quoque
973 2573 1069 2611 dere
1090 2601 1100 2617 ,
1122 2572 1260 2624 quales
1278 2571 1430 2610 animos
1455 2569 1587 2611 ceteri

294 2651 405 2678 cura.
424 2637 441 2691 ]
462 2638 543 2679 Vel
561 2637 612 2677 ob
632 2635 751 2688 ipsam
771 2649 905 2674 ewam
972 2633 1146 2674 Thessali
1169 2648 1238 2687 erg
1255 2651 1261 2671 z
1281 2633 1487 2674 Romanos
1509 2632 1583 2673 ha-

291 2697 567 2744 satisfaciendi
583 2696 741 2744 offenfis
759 2695 906 2743 merito
969 2696 1094 2741 bituri
1120 2696 1245 2741 effent
1261 2723 1274 2749 ‚
1303 2695 1330 2738 si
1349 2695 1467 2753 primi
1497 2695 1582 2755 vim⁵
