1680 3052
103 193 311 248 ¹U.c.565.

105 251 308 307 .3.C.187.

320 111 441 183 590
601 98 1329 161 T111JL1v-11

391 180 527 233 LVI.
561 181 720 233 Multa
754 185 847 233 alia
877 185 925 233 in
956 183 1194 250 Scipionis
1234 186 1366 234 exitu
1400 185 1612 241 maxim&

322 252 434 302 vitae
462 289 476 310 ‚
509 251 686 320 dieque
718 252 842 301 dicia
864 289 879 312 ,
905 267 1064 301 morte
1081 288 1095 311 ‚
1119 251 1290 301 funere
1310 290 1324 313 ,
1351 253 1571 322 sepulcro
1591 294 1613 317 ,

319 321 370 368 in
418 320 658 370 diversum
704 321 898 369 trahunt
938 337 950 368 ε
991 335 1042 369 ut
1090 322 1170 385 qui
1214 319 1356 369 famae
1385 359 1400 381 ‚
1435 326 1608 390 quibus

317 387 503 454 scriptis
529 387 748 439 assentiar
780 425 795 449 ,
827 404 929 437 non
960 387 1183 437 habeam.
1215 387 1331 439 Non
1365 389 1427 439 de
1456 410 1603 442 accu-

319 455 477 506 satore
517 456 783 513 convenit;
814 457 891 504 alii
923 455 1000 505 M.
1034 455 1256 506 Naevium
1290 495 1305 518 ‚
1341 457 1417 507 alii
1452 458 1610 509 Petil-

321 524 416 575 lios
456 526 588 574 diem
630 522 792 573 dixisse
833 523 1042 573 scribunt
1083 540 1095 571 :
1137 541 1239 575 non
1284 526 1345 576 de
1383 541 1611 594 tempore

322 610 424 659 quo
454 592 579 642 dicia
618 593 720 641 dies
755 591 810 641 fit
837 609 974 642 :non
1001 592 1062 642 de
1095 611 1224 642 anno
1257 612 1355 660 quo
1389 611 1611 646 mortuus

322 661 407 711 fit:
432 678 532 711 non
566 661 649 710 ubi
680 676 900 710 mortuus
923 697 938 721 ,
964 672 1047 709 aut
1071 661 1225 711 elatus
1257 663 1330 713 fit.
1361 662 1461 712 Alii
1499 663 1614 714 Ro-

321 747 416 779 mae
441 767 456 789 ‚
495 729 572 778 alii
610 729 792 778 Literni
826 730 878 778 ὃ(
912 743 1159 779 mortuum
1193 767 1210 790 ,
1251 731 1304 780 &
1339 729 1573 797 sepultum
1594 750 1609 781 :

317 799 581 864 utrobique
621 810 940 847 monumenta
971 796 1285 848 ostenduntur
1307 836 1326 856 ‚
1348 799 1399 847 &
1425 798 1608 851 statuae.

319 863 448 915 Nam
482 868 534 915 &
570 865 753 915 Literni
796 881 1169 915 monumentum
1201 904 1216 926 ‚
1256 884 1611 918 monumento·-

320 951 420 1000 que
447 933 598 983 statua
626 933 994 1000 superimposita
1018 932 1134 994 fuit3
1153 952 1297 999 quam
1325 935 1610 1002 tempestate

321 1000 573 1067 disjeciam
601 1019 757 1068 nuper
785 1002 994 1052 vidimus
1027 1001 1132 1068 ipfi.
1159 1002 1222 1051 Et
1260 1002 1435 1052 Romae
1469 1020 1606 1053 extra

318 1085 517 1136 portam
561 1068 818 1137 Capenam
863 1071 911 1119 in
956 1069 1239 1136 Scipionum
1285 1088 1608 1122 monumento

317 1153 417 1188 tres
448 1138 610 1188 statuae
641 1137 744 1187 sunt
765 1157 997 1205 :quarum
1030 1139 1135 1187 duae
1164 1139 1218 1189 P.
1251 1138 1303 1188 &
1333 1138 1388 1188 L.
1417 1139 1610 1206 Scipio-

317 1224 438 1256 num
465 1208 687 1257 dicuntur
707 1204 801 1256 esse
823 1245 838 1267 ‚
859 1209 998 1256 tertia
1030 1210 1190 1272 poetae
1214 1206 1284 1272 Q.
1315 1206 1472 1256 Ennii.
1497 1208 1607 1258 Nec

317 1277 446 1325 inter
500 1275 757 1342 scriptores
800 1291 962 1324 rerum
1007 1274 1243 1339 discrepat
1284 1274 1438 1325 solum
1469 1314 1484 1338 ‚
1525 1276 1608 1327 se'd

318 1346 567 1394 orationes
599 1359 799 1410 quoque
820 1381 833 1403 ‚
859 1342 893 1392 si
918 1343 1070 1392 modo
1095 1343 1308 1409 ipsorum
1340 1343 1443 1394 sunt
1462 1382 1474 1403 ,
1501 1362 1607 1410 quae

318 1410 539 1461 feruntur
560 1451 576 1474 ‚
600 1412 656 1461 P.
689 1411 932 1476 Scipionis
967 1413 1019 1462 &
1042 1410 1124 1460 Ti.
1147 1410 1355 1461 Gracchi
1378 1449 1393 1472 ,
1428 1413 1609 1462 abhor-

316 1496 426 1529 rent
452 1483 576 1530 inter
606 1479 671 1530 se.
698 1479 851 1528 Index
883 1481 1114 1529 orationis
1142 1479 1193 1529 P.
1221 1479 1490 1547 Scipionis,
1513 1500 1607 1531 no-

316 1565 433 1598 men
472 1549 548 1598 M.
580 1547 742 1597 Naevii
778 1549 954 1597 tribuni
983 1549 1137 1614 plebis
1168 1548 1463 1614 habetzipsa
1492 1568 1609 1598 ora·-

314 1618 385 1666 tio
435 1615 534 1668 sine
579 1618 778 1666 nomine
826 1616 893 1666 est
940 1616 1220 1665 accusatoris
1253 1632 1271 1677 3
1310 1616 1609 1667 nebulonem

315 1684 506 1745 modo,
542 1684 697 1734 modo
729 1701 1018 1751 nugatorem
1060 1685 1291 1751 appellat.
1327 1683 1405 1734 Ne
1441 1683 1610 1734 Grac-

315 1753 394 1801 chi
426 1753 626 1819 quidem
665 1754 823 1802 oratio
848 1792 863 1815 ,
906 1770 985 1803 aut
1024 1752 1322 1803 Petilliorum
1360 1753 1612 1803 accusato·

313 1839 422 1871 rum
455 1821 671 1870 Africani
706 1859 721 1881 ,
756 1837 833 1870 aut
879 1823 974 1871 diei
1013 1821 1147 1870 diclae
1188 1820 1418 1869 Africano
1459 1822 1608 1871 ullam

315 1891 621 1939 mentionem
656 1889 821 1938 habet.
844 1891 952 1939 Alia
982 1905 1087 1939 tota
1122 1888 1319 1938 serenda
1358 1888 1518 1937 fabula
1542 1889 1609 1939 est

316 1956 528 2008 Gracchi
568 1959 779 2006 orationi
812 1962 1113 2008 conveniens
1150 1975 1162 2004 ε
1202 1959 1249 2006 ὃ(
1289 1959 1357 2005 illi
1392 1957 1610 2007 auclores

315 2025 547 2093 sequendi
579 2027 683 2075 sunt
703 2063 717 2085 ‚
747 2029 827 2092 qui
856 2065 869 2086 ‚
902 2044 1050 2095 quum
1081 2025 1137 2075 L.
1167 2025 1331 2091 Scipio
1374 2026 1426 2074 &
1462 2044 1611 2075 accu-

318 2094 444 2144 satus
467 2134 480 2152 ‚
508 2096 556 2143 ὅ(
588 2095 838 2144 damnatus
867 2095 920 2144 fit
950 2098 1163 2160 pecuniae
1196 2110 1345 2160 captae
1375 2094 1433 2142 ab
1465 2112 1611 2162 rege,

315 2163 533 2230 legatum
571 2165 617 2212 in
654 2161 839 2211 Etruria
873 2163 1004 2213 fuiss'e
1044 2163 1324 2212 Africanum
1366 2164 1558 2212 tradunt
1591 2181 1609 2224 ;

317 2234 415 2296 quo
454 2231 559 2298 post
591 2231 768 2281 famam
809 2232 870 2281 de
912 2232 1065 2281 fratris
1100 2233 1205 2280 casu
1235 2232 1423 2279 allatam
1449 2271 1461 2290 ,
1497 2233 1611 2281 reli-

318 2299 394 2349 ἑῖἓι
427 2301 668 2368 legatione
696 2300 945 2350 cucurriffe
974 2319 1083 2350 eum
1112 2300 1357 2360 Romam3
1384 2301 1429 2348 ὅ(
1460 2317 1607 2364 quum

316 2385 346 2417 a
373 2385 513 2434 porta
539 2368 664 2418 recia
700 2368 757 2416 ad
795 2367 952 2417 forum
985 2369 1031 2419 se
1065 2369 1369 2427 contulisset‚
1404 2369 1532 2435 quod
1559 2372 1605 2416 in

314 2438 511 2486 vincula
545 2439 652 2486 duci
693 2437 891 2485 fratrem
934 2438 1108 2486 dictum
1146 2456 1245 2488 erat
1269 2477 1283 2499 ‚
1329 2436 1546 2501 repulisse
1580 2454 1609 2486 a

314 2520 524 2572 corpore
550 2504 652 2572 ejus
680 2507 921 2556 viatorem
944 2525 960 2567 3
985 2511 1035 2557 ὃ(
1068 2508 1269 2558 tribunis
1291 2505 1607 2557 retinentibus

324 2656 397 2690 aut
429 2648 524 2704 quid
562 2650 811 2695 commodius
841 2649 921 2706 ipse
953 2650 1181 2709 excogitet·
