1680 3052
257 133 371 189 L1
419 144 454 186 Β
503 142 623 184 ER
705 124 1052 185 XXXII.
1185 139 1300 206 119

14 211 143 264 eoelo
162 212 282 262 ῖειξὶει
304 226 468 260 erant:
490 208 540 257 δι
559 204 821 256 Frusmone
843 207 968 256 inter
1000 204 1193 256 noeiem
1216 209 1297 258 lux
1314 225 1350 267 U
1368 229 1515 279 0555&

15 297 117 332 orta
138 299 149 330 :
179 282 230 330 ὅ(
263 279 442 328 Asculo
468 293 618 343 agnus
635 275 802 339 biceps
827 291 936 322 curn
964 276 1177 340 quinque
1201 293 1294 340 pe·
1314 282 1518 338 a·C·1972

16 350 154 399 dibus
183 361 319 397 natus
352 363 364 395 t
397 346 450 395 ὃ(
471 344 676 393 Formiis
704 343 800 391 duo
824 342 925 408 lupi
954 342 1190 407 oppidum
1218 346 1294 392 in·

17 415 182 486 greffi‚
209 416 384 466 obvios
415 413 599 479 aliquot
615 411 910 460 laniaverant
944 428 959 458 τ
985 411 1161 459 Romae
1188 430 1290 462 non

18 488 64 534 in
98 485 266 534 urbem
286 483 437 533 solum
460 517 475 541 ‚
498 479 580 529 sed
607 482 655 529 in
675 478 974 545 Capitolium
1001 492 1297 544 penetrave-

19 567 89 602 rat
117 554 272 620 lupus.
309 550 371 600 C.
413 548 596 598 Acilius
629 548 843 597 tribunus
876 547 1032 613 plebis
1070 547 1208 607 tulit,
1241 563 1294 599 ut

21 623 228 687 quinque
247 618 450 668 coloniae
470 619 517 664 in
538 634 673 666 oram
688 616 977 664 maritimam
997 615 1300 666 deduceren-

21 702 93 738 tur
126 703 138 736 :
170 689 274 736 duae
307 686 368 735 ad
401 683 519 735 ostia
552 685 804 734 fluminum
825 683 1056 732 Vulturni
1089 682 1300 733 Literni-

23 772 113 823 que
147 772 158 803 ε
186 773 279 804 una
313 754 544 803 Puteolos
576 771 587 801 ε
612 771 706 801 una
731 751 792 801 ad
823 750 1044 801 Castrum
1077 751 1298 803 Salerni:

23 824 91 873 his
116 822 388 874 Buxentum
416 821 658 888 adjectum
680 839 691 870 :
714 835 1008 870 trecentenae
1033 819 1224 869 familiae
1248 822 1298 872 in

24 890 220 959 lingulas
269 891 485 941 colonias
525 888 816 955 jubebantur
854 890 980 938 mitti
1014 905 1024 936 :
1060 891 1298 939 triumviri

25 960 317 1009 deducendis
349 961 405 1008 iis
425 996 438 1017 ‚
457 962 538 1025 qui
569 975 656 1025 per
684 958 941 1006 triennium
971 957 1298 1025 magistratum

27 1028 288 1090 haberent,
323 1029 505 1087 creati,
543 1026 617 1076 M.
651 1024 879 1075 Servilius
917 1023 1157 1075 Geminus
1179 1064 1194 1087 ‚
1229 1026 1304 1093 Q.

27 1095 265 1146 Minucius
303 1094 549 1145 Thermus
569 1132 585 1156 ,
625 1092 707 1144 Ti.
739 1093 1055 1159 Sempronius
1084 1093 1302 1161 Longus·

28 1163 227 1214 DeleEiu
252 1174 292 1231 '5
338 1162 574 1229 rebusque
611 1162 712 1210 aliis
749 1163 922 1210 divinis
952 1163 1266 1230 humanisque
1286 1201 1303 1225 ‚

29 1251 126 1301 ³1¹¹ae
158 1250 245 1299 per
276 1233 401 1298 ipsos
430 1230 618 1299 agenda
648 1245 816 1291 erant,
838 1228 1061 1296 perfeffis
1085 1269 1098 1290 ‚
1123 1231 1296 1281 consu-

31 1318 92 1350 .es
131 1302 277 1350 ambo
311 1303 360 1349 in
397 1298 609 1349 Galliam
637 1297 857 1366 profeffi.
880 1297 1139 1348 Cornelius
1173 1300 1299 1349 refia
1366 1297 1515 1357 Consu-

31 1368 86 1418 ad
118 1367 336 1418 Insubres
368 1368 480 1430 via,
511 1369 591 1434 qui
617 1382 720 1416 tum
741 1369 787 1415 in
820 1369 962 1416 armis
998 1383 1165 1428 erant,
1197 1367 1300 1419 Ce-
1318 1363 1395 1404 lum
1452 1380 1513 1435 f‘ff‘

31 1439 252 1486 nomanis
281 1435 522 1502 assumptis
557 1453 568 1484 z
609 1434 683 1500 Q.
712 1435 954 1484 Minucius
977 1438 1025 1483 in
1055 1436 1176 1485 laeva
1208 1437 1303 1486 Ita·
1318 1430 1439 1496 gssstae.
1470 1442 1513 1469 ἠ

31 1505 100 1553 liae
140 1505 200 1553 ad
230 1503 442 1553 Inferum
486 1521 619 1553 mare
649 1505 782 1553 flexit
814 1505 938 1566 iter,
978 1503 1306 1573 Genuamque
1325 1488 1486 1535 Galba·

31 1575 236 1622 exercitu
267 1572 474 1621 abduGio
494 1611 509 1633 ,
537 1572 601 1621 'ab
633 1571 885 1639 Liguribus
924 1573 1054 1621 orsus
1090 1573 1157 1622 est
1195 1575 1309 1625 bel-

32 1642 141 1690 ium.
160 1641 190 1691 6
217 1638 420 1707 Oppida
444 1657 474 1702 7
491 1639 775 1690 Clastidium
803 1641 854 1690 &
875 1641 1119 1690 Litubium
1141 1681 1155 1703 ‚
1181 1659 1312 1694 utra·

33 1726 120 1774 que
156 1708 380 1777 Ligurum
400 1747 414 1769 ‚
436 1709 489 1758 &
509 1709 614 1757 duae
637 1711 791 1777 gentis
812 1707 1027 1771 ejusdem
1058 1713 1275 1762 civitates
1294 1750 1313 1775 ,

33 1776 274 1828 Celelates
310 1776 703 1844 Cerdiciatesque
725 1815 740 1838 ‚
777 1776 874 1827 sese
908 1779 1212 1829 dediderunt.
1250 1781 1313 1832 Et

34 1843 124 1905 {am
146 1848 310 1896 omnia
330 1847 394 1894 cis
417 1845 600 1895 Padum
620 1884 633 1906 ‚
655 1861 827 1912 praeter
849 1845 1107 1896 Gallorum
1128 1847 1278 1898 Boios
1294 1888 1312 1912 ,

34 1913 202 1964 llvates
224 1914 450 1982 Ligurum
469 1953 484 1976 ,
508 1914 591 1964 sub
618 1915 804 1965 ditione
836 1931 971 1965 erant
995 1933 1006 1964 z
1034 1918 1312 1983 quindecim

98 2068 115 2110 5
143 2054 326 2097 Rebus...
348 2071 425 2110 quae
439 2071 512 2111 per
536 2054 640 2112 ipsos

36 2120 182 2175 agenda
193 2121 341 2173 erant.]
350 2117 413 2157 Sic
426 2119 529 2173 apud
541 2120 639 2159 Sall.

37 2182 77 2222 in
112 2181 227 2221 Bello
259 2180 450 2235 Jugutth.
483 2195 520 2221 c.
548 2194 600 2231 41
625 2209 639 2227 ,

37 2241 281 2282 abundantia
311 2257 440 2282 earum
482 2256 605 2282 rerum
625 2271 638 2292 ,

39 2318 112 2360 μοι
135 2304 261 2359 ρνὶηια
278 2304 464 2344 mortales
481 2305 640 2345 ducunt.

96 2366 123 2405 6
151 2366 364 2421 Oppida...
400 2366 597 2405 civitates.
623 2367 639 2419 ]

40 2424 118 2466 Hic
144 2426 249 2468 clare
279 2429 363 2468 haec
397 2428 478 2467 duo
512 2427 641 2467 distin-

41 2500 228 2543 guuntur.
275 2488 424 2543 Oppidi
479 2491 641 2530 nomine

42 2551 133 2589 urbs
178 2549 255 2589 sola
296 2551 548 2606 intelligitur.
586 2552 642 2591 At

43 2610 181 2650 civitas
215 2610 267 2650 est
300 2611 469 2652 societas
498 2613 643 2653 civium

43 2670 81 2713 in
118 2686 237 2714 unum
274 2686 421 2729 corpus
455 2675 643 2718 concito-

702 2071 788 2098 rum
809 2085 820 2105 ,
852 2057 894 2098 &
919 2073 994 2112 pro
1020 2060 1172 2114 populo
1201 2061 1316 2103 sumi·

704 2130 769 2159 tur
789 2147 799 2166 ‚
822 2120 888 2173 qui
914 2134 964 2160 ex
993 2123 1128 2162 multis
1156 2125 1316 2178 oppidis

698 2181 851 2230 ,vicisve
888 2182 1059 2223 constet.
1078 2182 1097 2197 ⁶

767 2257 793 2295 7
838 2243 1064 2294 Clastidium
1082 2275 1092 2285 .
1111 2276 1123 2287 .
1141 2275 1154 2287 .
1192 2246 1319 2304 Ligu·

702 2320 799 2346 rum.
821 2303 836 2354 ]
870 2304 1099 2347 Clastidium
1152 2309 1226 2351 fuit
1273 2313 1316 2354 in

707 2366 855 2408 Gallia.
869 2367 1010 2422 Itaque
1029 2384 1107 2409 non
1129 2369 1207 2412 fine
1223 2387 1315 2414 cau-

706 2428 742 2468 sa
757 2427 950 2469 existimat
968 2431 1156 2486 Sigonius
1174 2435 1315 2489 legen·

706 2490 797 2530 dum
817 2490 893 2531 effe
911 2492 1096 2543 Carzflum
1112 2521 1122 2540 ,
1136 2498 1241 2548 quod
1259 2495 1317 2537 est

706 2553 898 2610 oppidum
928 2553 1114 2609 Ligurum
1146 2557 1185 2597 in
1213 2571 1315 2612 agro

707 2615 923 2655 Statiellati
944 2642 955 2662 ‚
978 2617 1140 2659 auetore
1159 2617 1277 2663 Livio
1296 2647 1316 2669 ,

706 2678 738 2720 1.
761 2675 907 2727 XLn,
933 2690 970 2719 c.
994 2690 1040 2733 7.
