1680 3052
370 150 488 206 214
652 130 1367 190 T11-1L1V11

164 229 204 274 U
210 243 259 274 ..c
269 243 346 283 557
355 213 451 280 sua
459 213 654 279 sponte
687 232 750 263 an
771 214 903 262 nobis
934 210 1425 290 aueloribusftcffnt.
1447 213 1560 262 Rem
1575 213 1650 266 le*

160 298 206 332 a.
211 287 259 330 C.
265 298 335 340 195
346 280 588 345 .,fendam
622 300 712 331 non
746 300 829 330 nos
861 300 876 330 .·
906 282 955 328 in
985 300 1097 346 quos
1111 279 1225 342 jecit
1256 282 1400 346 magis
1433 282 1526 329 lzaec
1549 301 1647 340 conf

358 349 442 419 sul
465 351 597 399 verbo
630 367 792 406 tenus,
817 367 950 413 quam
985 365 1034 397 ut
1057 367 1101 396 re
1120 351 1208 413 ins
1188 349 1413 398 mularet
1449 341 1644 412 Coetum,

370 418 416 466 ὃ*
441 417 728 483 seditiones,
764 418 809 464 δ’
842 419 1065 491 interdum
1087 417 1320 482 seceffione
1325 434 1364 463 m
1397 417 1606 466 muliebre

369 486 663 551 appellavit,
696 481 855 549 quod
854 500 1069 533 matrone-e
1100 488 1149 533 in
1177 485 1365 550 publico
1398 504 1482 533 vos
1501 487 1646 551 rogas

355 559 493 620 Jent,
533 569 583 601 ut
618 553 792 619 legem
776 570 824 600 in
841 555 892 617 se
918 554 1062 601 latam
1082 572 1164 619 per
1185 553 1350 600 bellum
1381 555 1657 618 temporibus

368 623 528 680 duris,
565 623 614 669 in
642 639 789 686 pace,
831 621 877 669 δ’
902 624 1095 686 florente
1133 639 1188 668 ac
1220 621 1355 669 beata
1390 621 1646 690 republica¹

365 690 668 756 abrogaretis.
690 689 835 739 Verba
870 707 1070 755 magna,
1105 706 1202 754 quae
1221 690 1284 737 rei
1307 692 1524 754 augenda:
1547 708 1653 739 cau-

357 757 421 822 sti
457 759 816 822 conquirantur,
855 758 900 805 δ»
932 759 1059 816 haec,
1100 759 1144 806 ὁ)
1181 758 1280 805 alia
1316 755 1396 821 effe
1420 757 1521 822 scio
1558 776 1571 807 :

368 827 447 875 Μ.
471 827 687 886 Catonem
716 842 935 874 oratorem
959 844 1049 875 non
1067 824 1219 891 solum
1235 844 1418 893 gravem
1436 863 1452 886 ,
1478 827 1599 892 sed
1581 846 1652 877 lna

370 896 546 942 terdurn
583 896 717 943 etiam
761 910 927 942 trucem
971 893 1051 959 effe
1075 895 1247 958 scimus
1280 912 1431 943 omnes
1453 931 1468 954 ‚
1517 914 1605 959 quu

365 962 550 1028 ingenio
565 964 629 1027 fit
657 963 796 1010 mitis.
818 965 944 1011 Nam
970 965 1084 1028 quid
1101 964 1282 1011 tandem
1309 964 1418 1011 novi
1438 978 1660 1014 matronae»

351 1028 567 1096 fecerunt
583 1067 599 1088 ,
632 1030 753 1093 quod
769 1030 1030 1095 frequentes
1048 1032 1096 1079 in
1116 1032 1253 1095 causa
1277 1033 1341 1078 ad
1355 1031 1405 1096 fle
1424 1033 1651 1098 pertinen,-

364 1113 408 1147 te
446 1100 492 1147 in
517 1099 753 1164 publicum
778 1098 1108 1163 procefferunt.
1104 1101 1126 1133 Ρ
1164 1102 1418 1165 Nunquam
1444 1116 1547 1149 ante
1571 1102 1652 1151 hoc

365 1181 540 1232 tempus
571 1169 619 1215 in
644 1168 835 1232 publico
867 1170 1224 1234 apparuerunt?
1264 1184 1284 1216 1
1327 1169 1452 1217 Tuas
1478 1171 1650 1217 advera-

363 1254 444 1282 sus
477 1251 518 1283 te
559 1236 768 1302 Origines
797 1238 1047 1285 revolvam.
1083 1238 1252 1303 Accipe
1285 1239 1459 1301 quoties
1492 1237 1544 1284 id
1569 1234 1646 1300 ft*

363 1305 541 1363 eerint‚
587 1304 632 1352 δ’
661 1304 840 1369 quidem
864 1305 1044 1371 semper
1079 1305 1194 1353 bono
1224 1306 1430 1371 publico.
1466 1307 1572 1357 Iam
1596 1324 1650 1357 ac

361 1372 593 1438 principio
631 1388 841 1439 regnante
869 1375 1069 1423 Romulo
1087 1411 1103 1433 ‚
1133 1392 1266 1439 quum
1284 1411 1299 1434 ‚
1335 1375 1567 1439 Capitolio
1591 1375 1654 1423 ab>

361 1441 553 1490 Sabinis
582 1456 718 1506 capto
738 1478 755 1499 ‚
782 1443 927 1490 medio
957 1444 1005 1491 in
1017 1442 1281 1508 forofignis
1309 1443 1497 1490 collatis
1515 1445 1648 1492 dimi-

361 1525 543 1557 caretur
560 1545 574 1568 ,
600 1528 746 1558 nonne
769 1511 1016 1577 intercursu
1047 1526 1356 1559 matronarum
1387 1512 1504 1559 inter
1525 1513 1649 1562 acies>

361 1579 485 1626 duas
502 1578 715 1644 praeliurn
739 1577 952 1642 sedatum
993 1580 1088 1646 est?
1117 1579 1289 1646 Quid?
1321 1580 1493 1646 regibus
1529 1598 1648 1629 exa.-

365 1649 479 1706 fiis,
517 1664 688 1711 quum,
736 1648 982 1696 Coriolano
1032 1649 1223 1696 Marcio
1268 1650 1413 1709 duce,
1451 1648 1647 1714 legiones

363 1715 625 1780 Volscorurn
653 1718 794 1780 castra
826 1718 893 1763 ad
921 1717 1127 1782 quintum
1152 1717 1350 1781 lapidem
1369 1715 1647 1782 pofitiſjent;

360 1803 508 1832 nonne
543 1786 596 1833 id
623 1802 780 1851 agmen
799 1822 815 1845 ‚
843 1803 932 1850 quo
966 1786 1126 1834 obruta
1150 1786 1241 1833 lzaec
1268 1786 1373 1832 urbs
1399 1783 1535 1848 effic,
1552 1803 1646 1834 ma-

360 1867 499 1901 tronae
529 1855 832 1902 averterunt?
853 1855 960 1905 Jam
983 1855 1088 1902 urbe
1117 1854 1256 1919 captci
1280 1872 1310 1901 a
1332 1854 1493 1902 Gallis
1510 1891 1524 1914 ,
1550 1872 1645 1902 au-

360 1939 456 1969 rum
476 1940 563 1987 quo
584 1923 813 1987 redempta
844 1923 951 1970 urbs
971 1924 1026 1988 est
1040 1959 1058 1981 ,
1078 1941 1230 1988 nempe
1255 1937 1468 1970 matronae
1491 1939 1517 1970 2
1536 1939 1646 1971 cons·

349 1990 487 2055 sensu
518 1992 716 2038 omnium
748 1992 796 2038 in
829 1992 1064 2057 publicum
1092 1991 1394 2039 contulerunt.
1425 1992 1646 2053 Proximo
1677 1989 1680 2088 ¹

358 2058 479 2108 bello
503 2059 595 2125 (ne
628 2060 824 2124 antiqua
855 2057 1089 2127 repetam)
1125 2079 1271 2108 nonne
1309 2060 1354 2108 6·
1393 2078 1528 2125 quum
1551 2078 1643 2126 pe-

427 2203 444 2231 1
496 2190 630 2232 Tuas.
651 2220 663 2232 .
684 2221 696 2233 .
726 2191 966 2247 origines.]
1034 2190 1143 2234 testis
1193 2192 1376 2245 locuples
1420 2190 1644 2236 Cornelius

359 2253 586 2303 Historias,
615 2268 713 2307 quas
741 2254 835 2294 ideo
860 2254 971 2295 vide·
1033 2255 1177 2309 Nepos
1207 2255 1246 2294 in
1279 2253 1447 2294 Catonis
1480 2253 1577 2297 vita.

355 2326 423 2356 tur
450 2315 556 2356 Cato
588 2315 805 2370 appellasse
833 2316 971 2372 Origi—
1097 2331 1123 2357 2
1171 2313 1366 2370 Consensu
1416 2315 1638 2375 omnium-J

356 2393 424 2418 nes
451 2405 463 2426 ,
500 2378 589 2432 quia
632 2378 672 2417 in
709 2377 886 2418 secundo
927 2379 969 2421 &
1034 2377 1240 2419 consensu
1262 2378 1367 2418 inter
1389 2377 1427 2418 se
1449 2377 1641 2422 unanimi.

356 2440 482 2480 tertio
510 2439 619 2479 libris
651 2440 826 2480 docebat
859 2441 966 2481 unde
1032 2440 1236 2488 Sicinfra'z,
1264 2453 1299 2480 c.
1323 2452 1395 2492 32.
1413 2437 1638 2494 TheffalosJ.

354 2514 519 2556 quaeque
557 2502 699 2541 civitas
739 2512 828 2542 orta
868 2502 967 2542 esset
1033 2498 1646 2555 &Phocenses,6¹Locrenles;*

355 2564 516 2605 Italica.
542 2562 695 2604 Primus
723 2563 764 2604 ὅ(
792 2574 966 2618 quatuor
1030 2562 1216 2618 consensu
1267 2564 1434 2604 omnium
1480 2561 1635 2617 *scimus

352 2627 485 2666 ultimi
513 2640 576 2666 res
596 2626 796 2666 Romanas
829 2626 963 2671 conti-
1020 2626 1194 2683 partium
1229 2624 1410 2684 Philippi
1439 2623 1573 2682 fuiffe„

352 2689 519 2737 nebant.
569 2687 666 2746 Hfaec
712 2702 788 2735 nos
838 2688 962 2737 doeet
