1680 3052
330 100 444 166 594
611 83 667 143 T
711 101 734 143 1
779 97 821 143 τ
862 100 887 141 1
970 85 1017 143 L
1061 101 1084 141 1
1126 101 1173 142 v
1215 103 1237 142 1
1280 100 1306 143 1

119 176 497 231 U.c.565‚tantum
524 167 628 215 auri
650 169 907 235 argentique
929 167 976 214 in
998 168 1222 232 triumpho
1247 170 1304 217 L.
1325 166 1558 236 Scipionis
1579 182 1597 231 ξ

116 235 542 300 ἓ.(έ·187·9ιιαηιιιηι
575 253 666 284 non
696 238 844 284 decem
875 235 988 280 aliis
1019 235 1258 299 triumphis
1282 272 1299 294 ,
1320 238 1369 300 fi
1395 255 1519 287 omne
1549 241 1599 288 in

325 320 464 352 unum
484 303 771 367 conferatur,
796 303 859 365 fit
885 303 1028 349 latum
1051 303 1078 350 Ρ
1097 304 1226 350 Nam
1257 306 1370 368 quid
1402 308 1455 353 de
1480 308 1605 371 fini-

325 371 409 418 bus
428 371 549 437 regni
577 374 724 418 dicam
744 369 770 415 Ρ
790 370 950 432 Afiam
970 387 1139 417 omnem
1155 407 1169 429 ‚
1191 371 1235 419 ὅ*
1259 374 1473 437 proxima
1499 376 1603 422 Eu·-

323 454 444 504 ropae
468 437 653 501 tenuzffi
684 437 983 489 Antiochum.
1005 439 1084 485 Ea
1119 455 1293 502 quanta
1319 442 1435 507 regio
1463 443 1604 491 Orbis

325 521 542 556 terrarum
569 507 633 570 sit
655 542 671 566 ,
710 526 739 553 a
773 508 924 554 Tauro
960 520 1106 553 monte
1148 508 1198 554 in
1226 505 1435 573 AEgaeum
1468 509 1603 573 usque

320 575 586 642 prominens
613 592 734 622 mare
752 610 766 633 ,
801 587 907 639 quot
932 591 1021 621 non
1059 574 1189 622 urbes
1212 576 1342 623 modo
1359 613 1374 635 ‚
1389 576 1476 640 sed
1499 596 1605 643 gen-

327 658 394 691 tes
434 642 729 707 amplec‘latur
761 677 780 699 ,
821 660 972 690 omnes
1008 641 1145 704 scire.
1179 641 1317 691 Hanc
1350 647 1603 711 regionem,

315 710 360 759 ·6
388 711 559 757 dierum
593 711 705 776 plus
738 711 926 775 triginta
967 709 1013 757 in
1048 710 1370 776 longitudinem
1402 749 1420 771 ,
1457 716 1605 761 decem

326 779 447 828 inter
476 780 566 826 duo
600 779 747 826 maria
776 779 826 825 in
864 778 1150 826 latitudinem
1171 813 1187 836 ‚
1221 794 1447 844 patentem
1471 818 1486 840 ,
1526 781 1606 844 us-

323 865 409 912 que
434 849 501 893 ad
532 847 674 896 Tauri
705 845 868 894 montis
897 844 1017 912 juga
1049 847 1281 895 Antiocho
1307 849 1562 914 ademptam
1587 882 1603 908 ,

322 913 515 980 expulso
563 916 611 962 in
661 915 868 962 ultimum
915 915 1134 979 angulum
1178 915 1317 963 Orbis
1374 930 1606 964 terrarum.

318 984 484 1049 Quid,
510 983 560 1046 fi
585 984 787 1047 gratuita
821 999 925 1047 pax
954 980 1087 1046 effit,
1116 983 1227 1047 plus
1260 983 1405 1031 adimi
1434 985 1473 1031 ei
1510 1002 1606 1048 po-

317 1049 447 1114 tuiffi²
476 1050 504 1095 Ρ
547 1050 771 1116 Philippo
815 1051 931 1097 vitio
964 1085 982 1107 ‚
1029 1050 1396 1108 Macedoniam;
1425 1052 1608 1100 Nabidi

317 1117 690 1168 Lacedaemonem
713 1118 909 1165 reliam
928 1135 947 1175 ;
968 1135 1045 1164 nec
1073 1119 1267 1182 Quintio
1294 1121 1458 1166 crimen
1478 1136 1607 1184 quee-

307 1188 466 1253 fitunz.
499 1188 613 1235 Non
656 1188 772 1234 enim
811 1183 1008 1248 lzabuiffi:
1048 1203 1145 1232 eum
1183 1184 1462 1248 Africanum
1496 1186 1609 1251 fia·

318 1269 428 1304 trem
450 1273 465 1304 .·
484 1252 619 1320 cujus
648 1272 782 1319 quum
809 1253 958 1320 gloria
981 1251 1180 1316 prodeſje
1209 1256 1264 1303 L.
1292 1253 1503 1319 Scipioni
1529 1258 1607 1304 de·

319 1322 479 1388 butſjet
500 1360 518 1381 ‚
553 1323 780 1372 invidiam
810 1318 1020 1383 nocuff.
1050 1323 1245 1369 Tantum
1275 1324 1381 1370 auri
1407 1324 1609 1389 argenti·

320 1409 406 1456 que
437 1389 701 1456 judicatum
738 1388 818 1454 effe
852 1390 901 1436 in
931 1391 1109 1436 domum
1139 1386 1198 1438 L.
1222 1389 1455 1455 Scipionis
1487 1392 1608 1439 illa-

323 1474 416 1508 tum
440 1496 454 1518 ‚
490 1474 709 1523 quantum
735 1496 749 1518 ‚
776 1457 977 1507 venditis
1012 1456 1217 1506 omnibus
1260 1458 1390 1506 bonis
1411 1495 1429 1516 ,
1462 1460 1607 1526 redigi

322 1546 414 1577 non
445 1526 598 1591 poffet.
630 1527 689 1574 Id
721 1527 799 1575 ubi
835 1544 934 1592 ergo
968 1523 1049 1587 effiz
1086 1526 1251 1589 regium
1288 1543 1450 1574 aurum
1472 1528 1500 1575 ἓ
1530 1529 1611 1577 ubi

323 1611 391 1645 tot
423 1596 708 1644 haereditates
741 1611 952 1660 acceptas
974 1593 1002 1639 ?
1022 1592 1080 1641 In
1114 1595 1244 1640 domo
1269 1629 1285 1650 ‚
1317 1611 1450 1658 quam
1474 1593 1610 1659 sum-

319 1680 433 1731 ptus
455 1683 546 1713 non
582 1662 907 1728 exhauserim,
928 1663 1094 1727 exstare
1127 1661 1320 1725 debuiffe
1351 1679 1478 1711 nova:
1505 1661 1612 1728 for·
1669 1669 1673 1671 ’

325 1747 447 1782 tunae
483 1733 726 1780 cumulum.
760 1734 832 1780 At
870 1732 984 1778 enim
1006 1767 1020 1788 ‚
1057 1731 1180 1793 quod
1210 1746 1268 1776 ex
1303 1729 1433 1778 bonis
1467 1731 1610 1797 redigi

324 1800 582 1865 non-poffit
607 1837 621 1859 ,
659 1816 717 1847 ex
757 1816 938 1864 corpore
976 1798 1026 1855 ἃ
1055 1810 1173 1861 tergo
1204 1814 1287 1860 per
1317 1798 1606 1846 vexationem

326 1869 372 1917 6³
415 1868 714 1916 contumelias
744 1869 801 1914 L.
841 1866 1076 1930 Scipionis
1104 1865 1328 1928 petituros
1365 1865 1569 1913 inimicos
1590 1883 1607 1914 .·

325 1951 375 1985 ut
406 1938 453 1983 in
492 1952 710 1982 carcerem
741 1936 857 1982 inter
889 1933 1022 1997 sures
1061 1934 1297 1979 noaurnos
1333 1932 1377 1980 ὃ)
1409 1934 1609 1980 latrones
1649 1971 1653 1974 ⁴

324 2005 399 2054 vir
420 2003 684 2066 clarzffimus
709 2003 975 2050 includatur
992 2038 1006 2061 ‚
1027 1999 1070 2047 6·
1097 2014 1129 2060 7
1161 2000 1209 2047 in
1243 2000 1395 2048 robore
1422 2001 1465 2048 6³
1486 2015 1611 2048 tene-

325 2072 421 2120 bris
452 2072 649 2137 exspiret
666 2088 688 2130 ,·
716 2071 877 2119 deinde
899 2071 1049 2118 nudus
1077 2081 1182 2115 ante
1211 2085 1430 2117 carcerem
1459 2067 1614 2135 proji-

326 2196 484 2250 bumfit
500 2225 514 2242 ,
535 2196 575 2238 ὅ(
596 2197 730 2252 supple
753 2195 839 2249 effe.
856 2195 938 2236 Sed
1000 2193 1128 2250 inquit
1161 2194 1296 2236 Festus
1321 2224 1334 2245 ‚
1375 2195 1417 2237 in
1456 2210 1610 2238 carcere

330 2261 374 2300 &
412 2260 618 2301 mallemus
640 2286 653 2308 ‚
679 2258 720 2314 st
753 2273 935 2300 ornnes...
1001 2258 1147 2297 dicitur
1165 2258 1196 2298 is
1219 2258 1328 2298 locus
1345 2286 1356 2305 ‚
1381 2258 1454 2312 quo
1472 2259 1613 2314 praeci-

327 2319 597 2374 conferantur.
995 2320 1154 2377 pitatur
1177 2320 1442 2376 maleficorum
1459 2335 1577 2376 genus
1595 2347 1609 2370 ,

391 2386 417 2424 ὁ
434 2383 702 2438 Dierumplus
719 2381 936 2440 triginta...
1001 2383 1104 2438 quod
1150 2381 1240 2422 ante
1277 2382 1379 2422 arcis
1426 2382 1612 2434 robusteis

323 2458 540 2502 patentem.
561 2445 578 2498 ]
602 2447 751 2499 Supple
772 2475 785 2491 ‚
820 2446 936 2487 itine·
999 2445 1285 2485 includebatur.
1300 2445 1494 2484 Nimirum
1513 2444 1609 2484 olim

326 2522 388 2549 re.
405 2506 528 2558 Quod
550 2507 638 2548 sane
657 2507 792 2548 durius
808 2508 936 2550 videri
998 2507 1134 2548 sontes
1164 2506 1475 2546 includebantur
1507 2505 1610 2547 arcis

316 2584 410 2614 non
442 2567 642 2611 immerito
670 2569 801 2623 poffit.
1000 2583 1022 2610 e
1052 2571 1201 2610 robore
1220 2596 1233 2613 ,
1264 2566 1343 2610 five
1380 2568 1491 2627 ligno
1541 2568 1613 2611 du·

387 2644 413 2688 7
452 2630 501 2673 In
533 2631 725 2686 robore.]
765 2631 934 2680 Robur,
999 2630 1140 2675 riffimo
1162 2659 1173 2681 ‚
1200 2628 1328 2675 fastis·
