1680 3052
88 220 189 264 U.c.
200 229 215 273 ς
228 230 242 267 5
254 229 274 258 2

98 277 287 322 a.C.200.

116 954 281 1014 Explo-

85 1033 239 1062 ratores

85 1080 260 1122 Romani

86 1145 125 1183 δ’
139 1143 278 1183 Μαι-ε-

83 1208 206 1246 dones

82 1282 250 1309 concur—

80 1342 173 1370 runt
185 1361 195 1380 ‚
211 1330 278 1368 du·

82 1392 149 1432 bio
163 1406 271 1432 ενιπ-

81 1465 143 1497 guo

76 2477 269 2526 Macedo·

75 2559 144 2588 nes
192 2553 271 2580 ter·

76 2618 213 2649 rentur

75 2665 241 2727 conspe·

311 140 384 202 50
591 121 647 181 T
692 137 713 179 1
755 137 798 181 τ
840 137 864 180 1
950 122 998 183 L
1042 140 1064 181 1
1111 141 1158 180 v
1204 142 1223 182 1
1269 141 1300 183 r.

303 205 416 254 inde
454 202 799 255 frumentatum
842 204 965 255 circa
1005 204 1179 261 horrea
1207 185 1591 262 Dassaretiorum

303 273 544 325 mittebat.
577 272 825 340 Philippus
852 271 1155 324 consternata
1196 278 1394 342 quidem
1426 283 1594 329 omnia
1662 306 1666 312 ·

298 344 427 392 circa
446 380 461 402 ‚
498 358 835 410 pavoremque
860 342 1111 409 ingentem
1134 344 1389 393 hominum
1421 363 1593 397 cerne-

295 410 419 461 bat:
457 410 540 460 sed
579 428 750 477 parum
784 427 958 477 gnarus
995 429 1141 476 quam
1176 426 1364 478 partem
1398 414 1590 479 petisset

294 479 497 539 consul,
534 478 662 527 alam
710 481 929 544 equitum
967 479 1030 527 ad
1062 480 1415 546 explorandum
1453 481 1591 549 quo..-

292 565 410 597 nam
434 545 593 597 hostes
623 548 713 599 iter
740 546 1051 596 intendissent
1070 585 1085 608 ,
1123 548 1262 597 misit.
1289 547 1429 600 Idem
1452 567 1589 601 error

292 616 426 684 apud
465 614 716 665 consulem
753 629 873 666 erat,
920 614 1131 666 Movisse
1164 634 1225 669 ex
1257 617 1468 668 hibernis
1500 636 1588 669 re-

293 702 409 752 gem
428 683 604 737 sciebat
623 721 638 743 ,
668 700 814 751 quam
833 685 1088 752 regionem
1115 684 1302 752 petisset
1322 688 1584 754 ignorans:

292 755 333 802 is
365 769 562 821 quoque
596 751 891 818 speculatum
922 752 1110 803 miserat
1133 756 1337 822 equites.
1362 755 1452 804 Hae
1479 756 1586 807 duae

293 822 384 871 alae
426 837 487 871 ex
527 819 748 880 diverso,
784 838 935 888 quum
982 821 1062 871 diu
1099 823 1295 872 incertis
1334 824 1584 874 itineribus

296 904 487 958 vagatae
510 906 598 956 per
618 887 916 939 Dassaretios
937 888 1109 948 essent,
1141 891 1340 941 tandem
1365 893 1411 941 in
1433 910 1586 944 unum

293 960 387 1009 iter
421 972 779 1008 convenerunt.
819 956 1036 1009 Neutros
1078 957 1252 1010 fefellit
1273 998 1288 1022 ,
1324 974 1376 1009 ut
1408 961 1587 1011 fremi-

293 1042 369 1077 tus
418 1028 590 1095 procul
643 1027 898 1076 hominum
949 1043 1286 1095 equorumque
1330 1030 1584 1084 exauditus

291 1096 393 1158 est,
430 1094 591 1146 hostes
643 1098 1055 1163 appropinquare.
1096 1094 1270 1165 Itaque
1304 1098 1583 1166 priusquam

291 1169 341 1215 in
377 1163 687 1232 conspectum
731 1167 991 1226 venirent,
1025 1182 1180 1232 equos
1222 1183 1453 1231 armaque
1492 1183 1584 1216 ex,

290 1234 546 1301 pedierant
576 1251 587 1280 2
619 1249 712 1283 nec
741 1251 879 1283 mora
899 1272 914 1294 ‚
941 1234 1024 1283 ubi
1057 1236 1269 1301 primum
1288 1234 1477 1285 hostem
1494 1237 1582 1286 vi-

291 1304 441 1364 dere,
470 1303 795 1353 concurrendi
831 1301 954 1352 facia
978 1300 1061 1352 est.
1101 1302 1251 1354 Forte
1281 1303 1333 1353 ὃ(
1369 1321 1580 1355 numero

293 1374 347 1423 &
382 1374 561 1423 virtute
581 1410 595 1432 ‚
628 1386 800 1437 utpote
823 1370 934 1421 let‘ti
960 1373 1201 1439 utrimque
1223 1410 1239 1434 ‚
1268 1371 1395 1427 haud
1416 1374 1582 1440 impa-

287 1457 364 1490 res
386 1478 401 1502 ‚
434 1442 581 1507 aequis
609 1442 791 1488 viribus
809 1456 895 1506 per
915 1440 1100 1508 aliquot
1119 1442 1261 1490 horas
1286 1456 1580 1508 pugnarunt.

283 1509 523 1578 Fatigatio
561 1507 774 1570 ipsorum
804 1526 1174 1577 equorumque,
1206 1510 1388 1559 incertfi
1420 1509 1580 1560 vific-

281 1580 381 1639 ria,
415 1579 610 1628 diremit
637 1578 872 1643 praelium.
902 1577 1237 1628 Macedonum
1260 1578 1580 1646 quadraginta

281 1649 476 1715 equites
498 1685 514 1707 ‚
543 1646 879 1696 Romanorum
919 1649 1132 1714 quinque
1177 1647 1231 1696 &
1266 1648 1457 1715 triginta
1489 1663 1579 1698 ce-

280 1716 522 1766 ciderunt.
552 1714 727 1782 Neque
756 1732 818 1765 eo
841 1717 996 1783 magis
1021 1715 1260 1782 explorati
1288 1718 1577 1783 quicquam5

282 1785 331 1833 in
368 1802 462 1851 qua
505 1786 707 1852 regione
741 1782 886 1833 castra
930 1783 1136 1833 hostium
1175 1781 1357 1844 essent,
1392 1800 1473 1834 aut
1505 1785 1580 1835 illi

282 1854 345 1904 ad
381 1870 584 1921 regem,
621 1867 702 1902 aut
733 1853 779 1901 hi
810 1853 871 1903 ad
896 1853 1142 1905 consulem
1163 1853 1459 1905 retulerunt:
1484 1870 1574 1919 per

280 1920 553 1990 transfugas
589 1923 839 1989 cognitum
876 1921 978 1982 est,
1011 1940 1136 1987 quos
1158 1922 1330 1972 levitas
1353 1922 1581 1988 ingenio!

281 2008 420 2052 rum,
452 1991 513 2039 ad
543 1989 903 2058 cognoscendas
938 1988 1146 2043 hostium
1188 2007 1263 2040 res
1283 2027 1300 2051 ‚
1329 1992 1377 2039 in
1408 1992 1574 2049 omniq

277 2058 368 2110 bus
402 2059 541 2108 bellis
580 2060 782 2126 praebet.
1510 2056 1511 2059 Ἴ

348 2127 591 2179 XXXIV.
624 2126 875 2195 Philippus
910 2126 1089 2194 aliquid
1133 2126 1184 2176 &
1218 2126 1280 2175 ad
1317 2127 1570 2178 caritatem

278 2195 509 2256 suorum,
545 2196 598 2245 ὃ(
633 2213 687 2246 ut
739 2198 1010 2263 promptius
1055 2214 1146 2262 pro
1199 2212 1261 2245 eo
1301 2197 1570 2261 periculum

279 2266 471 2323 adirent
491 2304 506 2327 ,
539 2280 667 2314 ratus
699 2265 1027 2331 profefflururn
1046 2265 1121 2325 se,
1142 2263 1175 2313 fi
1198 2266 1415 2330 equitum
1434 2302 1448 2324 ,
1484 2267 1569 2333 qui

282 2336 560 2387 ceciderant
591 2336 640 2382 in
678 2337 992 2400 expeditione
1012 2372 1027 2391 ‚
1060 2332 1451 2400 sepeliendorum
1481 2352 1568 2383 cu-

281 2422 389 2456 ram
423 2401 689 2459 habuisset,
722 2401 874 2452 afferri
908 2420 995 2451 eos
1032 2404 1079 2451 in
1120 2401 1267 2449 castra
1309 2399 1468 2465 juffit,
1509 2416 1564 2452 ut

285 2472 644 2540 conspiceretur
677 2472 736 2520 ab
774 2472 999 2521 omnibus
1037 2469 1216 2520 funeris
1254 2470 1432 2518 honos.
1473 2468 1572 2520 Ni-

285 2542 350 2592 hil
394 2557 489 2590 tam
543 2542 782 2590 incertum
829 2557 918 2587 nec
952 2555 1050 2590 tam
1084 2537 1416 2587 inaestimabile
1456 2537 1563 2600 est,

282 2610 427 2677 quem
448 2610 593 2659 animi
611 2607 944 2657 multitudinis.
974 2606 1131 2672 Quod
1153 2609 1479 2673 promptiores
1500 2606 1564 2657 ad

280 2680 579 2741 subeundam
609 2694 812 2736 omnem
834 2677 1198 2731 dimicationem
1215 2675 1473 2731 videbatur
1488 2674 1564 2733 fae
