1680 3052
206 107 252 168 L
296 127 318 167 1
358 124 397 167 B
443 125 478 167 E
521 125 562 167 R
645 106 1099 167 XXXVIII.
1193 119 1308 190 521·

4 184 150 257 ¹squia
198 191 328 240 vado
378 191 585 258 superari
633 191 784 239 amnis
842 208 942 238 non
989 206 1209 255 poterat,
1257 192 1520 262 &Uae5632

5 260 380 322 ¹contrahendae
415 276 563 309 naves
596 274 730 307 erant
766 258 827 306 ad
869 260 1132 307 exercitum
1168 256 1307 322 traji-
1325 263 1517 318 a.C.189‘«

4 326 280 375 Fciendum.

105 393 247 443 XIII.
270 393 561 462 Transgreffi
581 393 883 442 Maeandrum
898 430 911 453 ‚
931 393 990 441 ad
1008 390 1190 441 Hieran
1210 390 1310 440 Co·
1324 410 1411 452 Im
1423 425 1518 453 con·

37 476 153 510 men
185 478 528 528 pervenerunt.
560 462 743 510 Fanum
779 462 841 508 ibi
861 460 1110 528 angustum
1145 459 1436 526 Apol-salis,

0 563 3 566 -
37 527 146 578 linis
183 531 235 578 &
266 532 514 579 oraculum
540 547 550 577 z
574 529 723 578 sortes
745 528 956 577 versibus
989 528 1116 576 haud
1138 529 1305 576 incon·

3 648 14 652 ,
35 595 149 645 ditis
188 597 300 647 dare
325 614 459 647 vates
495 598 732 646 dicuntur.
770 597 897 645 Hinc
929 597 1087 645 alteris
1119 593 1310 656 castriS,

38 664 101 713 ad
134 665 402 731 Harpasum
439 667 619 714 flumen
654 678 852 714 ventum
891 662 959 712 est
991 681 1000 710 :
1033 663 1132 728 quo
1166 664 1313 729 legati

36 732 99 780 ab
134 733 397 781 Alabandis
428 747 666 792 venerunt
688 752 709 791 ,*
731 746 781 780 ut
802 730 1042 779 castellum
1059 768 1076 789 ,
1097 732 1228 796 quod
1251 731 1312 779 ab

35 798 145 865 ipsis
180 817 335 866 nuper
371 800 616 860 descisset,
645 815 724 848 aut
760 798 1036 848 auEtoritate
1069 813 1148 847 aut
1171 801 1315 847 armis

37 884 237 934 cogeret
265 867 365 933 jura
392 871 582 933 antiqua
619 869 732 933 pati.
756 865 944 915 Eodem
971 866 1022 915 ὃ(
1048 865 1316 917 Athenaeus<

37 933 264 984 Eumenis
293 937 343 985 ἃ
376 938 526 985 Attali
555 935 700 984 frater
721 973 736 996 ,
765 953 872 983 cum
901 932 1124 983 Cretensi
1154 933 1312 984 Leuso

39 1003 95 1052 &
133 1001 354 1071 Corrago
405 1003 720 1064 Macedone,
750 1003 916 1062 venit3
952 1003 1081 1050 mille
1124 1004 1313 1067 pedites

39 1069 280 1120 mistarum
314 1075 530 1139 gentium
553 1109 567 1130 ,
596 1072 645 1121 &
675 1086 919 1119 trecentos
948 1071 1131 1135 equites
1153 1069 1315 1119 secum

37 1137 354 1188 adduxerunt.
380 1139 563 1189 Consul
588 1139 780 1188 tribuno
810 1139 1014 1186 militum
1045 1136 1179 1186 misso
1202 1156 1314 1188 cum

39 1206 235 1257 modica
253 1225 398 1256 manu
422 1245 436 1267 ,
471 1206 709 1256 castellum
742 1208 791 1255 vi
820 1220 1067 1271 receptum
1099 1206 1319 1255 Alaban-

39 1273 263 1324 denfibus
309 1276 498 1335 reddit3
531 1274 631 1342 ipse
672 1274 785 1323 nihil
830 1275 909 1323 via
943 1272 1205 1341 digressus,
1252 1275 1316 1324 ad

39 1343 356 1392 Antiochiam
404 1343 540 1410 super
582 1341 886 1391 Maeandrum
928 1359 1122 1391 amnem
1159 1342 1320 1408 posuit

39 1408 203 1459 castra.-
241 1409 400 1477 Hujus
443 1411 597 1460 amnis
632 1409 795 1460 fontes
822 1408 1032 1465 Celaenis
1068 1412 1313 1460 oriuntur:

24 1474 256 1527 ‘Celaenae
293 1480 437 1539 urbs»,
474 1495 617 1547 caput
655 1476 902 1546 quondam
935 1478 1154 1547 Phrygiae
1189 1478 1315 1540 fuit;

38 1549 293 1614 migratum
346 1547 461 1597 inde
496 1548 623 1598 haud
661 1549 831 1614 procul
868 1549 1114 1597 veteribus
1149 1545 1319 1597 Celae-

30 1615 114 1679 [θὶς
156 1631 166 1663 z
203 1633 441 1682 novaeque
465 1616 570 1664 urbi
598 1615 833 1682 Apameae
863 1633 1045 1665 nomen
1074 1615 1277 1664 inditum
1298 1654 1318 1676 ,

40 1680 72 1732 8
113 1683 173 1732 ab
218 1683 441 1749 Apamea
469 1683 631 1733 sorore
667 1683 854 1734 Seleuci
895 1686 1036 1750 regis·
1085 1683 1147 1733 Et
1175 1683 1318 1733 Mar-

39 1748 148 1816 syas
186 1754 339 1800 amnis
375 1751 500 1800 haud
543 1753 708 1816 procul
751 1770 778 1800 a
825 1752 1059 1800 Maeandri
1102 1751 1320 1802 fontibus

42 1820 240 1877 orienS,
270 1821 318 1867 in
354 1819 662 1868 Maeandrum
699 1820 843 1869 cadit.
877 1818 1120 1886 Famaque
1145 1821 1210 1869 ita
1237 1835 1323 1869 te«

40 1900 126 1938 net
144 1924 157 1945 ‚
193 1885 401 1935 Celaenis
425 1886 669 1953 Marsyam
695 1905 804 1936 cum
833 1887 1063 1953 Apolline
1095 1888 1320 1939 tibiarum

39 1969 187 2005 cantu
218 1952 432 2005 certaffe.
464 1954 714 2005 Maeander
748 1973 808 2006 ex
845 1973 955 2005 arce
995 1954 1177 2004 summa
1214 1955 1320 2006 Ce-

39 2021 270 2075 laenarum
294 2039 423 2073 ortus
439 2062 454 2084 ,
482 2024 642 2075 media
656 2024 775 2076 urbe
800 2024 1085 2086 decurrens,
1105 2041 1192 2091 per
1215 2023 1318 2074 Ca·-

43 2106 117 2140 ras
150 2092 395 2157 primum,
435 2093 612 2143 deinde
662 2091 804 2143 Ionas
831 2130 843 2154 ‚
892 2096 941 2142 in
985 2092 1137 2142 smum
1174 2096 1320 2144 maris

44 2158 233 2218 editur,
272 2162 350 2225 qui
385 2161 511 2209 inter
540 2160 746 2212 Prienen
779 2163 830 2210 &
863 2161 1090 2210 Miletum
1122 2160 1204 2211 est.
1235 2161 1320 2211 Act

45 2225 358 2277 Antiochiam
392 2229 442 2278 in
473 2228 619 2278 castra
654 2229 856 2280 consulis
886 2228 1113 2279 Seleucus
1140 2229 1321 2279 Antio·

47 2294 125 2343 chi
153 2293 310 2356 filius,
350 2313 410 2345 ex
457 2295 644 2347 foedere
677 2298 770 2348 icio
815 2315 923 2347 cum
961 2297 1219 2360 Scipione,
1254 2296 1320 2347 ad

45 2359 342 2412 frumentum
368 2367 595 2415 exercitui
627 2365 838 2416 dandum
870 2367 1016 2415 venit.
1038 2363 1188 2414 Parva
1223 2365 1322 2414 dis-

45 2433 256 2497 ceptatio
288 2432 348 2481 de
382 2433 535 2483 Attali
571 2435 869 2484 auxiliaribus
904 2448 1009 2484 orta
1040 2432 1106 2483 est
1136 2451 1148 2482 :
1187 2432 1321 2500 quod

109 2517 133 2557 8
154 2517 217 2557 Ab
239 2518 415 2572 Apamea
425 2517 564 2572 sorore
582 2521 651 2562 Se·
712 2523 840 2564 tiochi
857 2523 1011 2565 Soteris
1026 2551 1036 2569 ‚
1053 2524 1118 2576 qui
1133 2524 1326 2565 conditot

26 2634 30 2638 Ι
48 2575 163 2618 leuci.
181 2580 198 2632 ]
222 2579 303 2620 lmo
321 2595 447 2621 uxore
464 2581 647 2635 Seleuci,
714 2586 820 2630 urbis
842 2587 1032 2641 Apameae
1051 2585 1141 2628 fuit.

18 2662 20 2674 ι
44 2635 128 2684 filia
155 2640 344 2685 Artabazi
365 2669 379 2696 ,
409 2655 534 2689 matre
563 2644 651 2688 An·
