1680 3052
385 114 505 174 450
672 101 726 160 T
768 119 790 159 1
833 121 873 161 T
918 120 940 160 1
1029 105 1075 161 L
1120 121 1141 161 1
1191 122 1236 163 v
1281 122 1306 165 1
1354 121 1375 163 1

175 176 645 242 U.c.562.reficerent
680 184 842 244 vires,
883 186 1242 251 contemplatus
1286 186 1529 239 Eudamus
1558 182 1624 242 ho

174 246 365 297 ‘QG-190·
388 245 480 295 stes
517 248 706 298 claudas
745 252 1027 319 mutilasque
1057 271 1207 302 naves
1240 259 1416 320 apertis
1459 261 1623 323 navibt

384 315 604 366 remulco
630 319 874 369 trahentes
896 357 910 380 ,
942 323 1112 387 viginti
1135 323 1278 386 paulo
1310 326 1512 390 amplius
1539 329 1625 378 inte

387 400 495 449 gras
522 385 835 436 abscedentes
855 425 872 444 ,
910 404 937 436 e
971 391 1086 438 turri
1109 393 1342 454 praetoriae
1361 396 1495 442 navis
1522 393 1627 444 filen

385 453 457 500 tio
493 451 619 501 fa&0
639 491 653 513 ‚
686 456 934 521 Exsurgite
953 493 967 514 ‚
1010 459 1164 523 inquit
1187 496 1200 515 ‚
1247 460 1291 506 ἐξ»
1322 462 1535 528 egregium
1553 464 1635 529 spe-

383 521 604 568 naculum
637 524 836 588 capeffite
861 525 1040 572 oculis!
1078 524 1435 578 Consurrexere
1457 547 1630 580 omnes

384 589 799 657 contemplatique
848 593 1224 658 trepidationem
1257 594 1517 663 fugamque
1560 599 1624 648 ho

381 654 520 703 stium
545 694 558 716 ,
592 675 746 723 prope
783 660 878 707 una
913 679 1039 710 voce
1078 663 1413 714 exclamavere
1451 684 1620 716 omnes

383 737 436 772 nt
488 724 812 791 sequerentur.
856 726 1004 793 Ipsius
1053 727 1253 778 Eudami
1296 734 1457 782 multis
1495 734 1630 784 iffibu

381 791 636 842 vulnerata
670 797 805 843 navis
839 812 958 844 erat.
1006 797 1352 863 Pamphilidam
1390 801 1443 848 ὃ(
1485 801 1630 851 Chari

382 861 550 908 clitum
584 860 802 929 insequi,
843 864 1005 929 quoad
1037 883 1257 931 putarent
1291 882 1482 928 tutum,
1519 867 1632 934 jussi-2

381 926 696 994 Aliquamdiu
733 931 878 980 secmi
907 933 1010 981 sunt
1035 952 1045 981 2
1074 933 1385 1000 posteaquam
1415 952 1550 986 terrae
1574 957 1633 1005 ap

379 998 737 1062 propinquabat
763 999 1007 1061 Annibal,
1040 1005 1179 1051 veriti
1215 1020 1275 1051 ne
1301 1005 1633 1071 includerentu

378 1080 534 1113 vento
570 1068 617 1113 in
650 1066 855 1115 hostium
901 1087 1020 1127 ora,
1055 1071 1113 1119 ad
1152 1068 1420 1120 Eudamum
1453 1072 1626 1122 reveffi

387 1147 408 1197 5
450 1132 706 1199 hepterem
740 1151 926 1201 captam
951 1176 963 1195 ‚
1000 1156 1104 1204 quae
1136 1142 1294 1202 primo
1319 1141 1544 1190 concursu
1572 1142 1630 1192 i&

381 1215 507 1261 erat,
532 1219 659 1268 aegre
681 1201 978 1254 Phaselidem
1010 1223 1374 1271 pertraxerunt3
1396 1209 1506 1259 inde
1525 1208 1636 1260 Rho

379 1268 497 1316 dum
520 1307 535 1329 ‚
566 1288 666 1319 non
695 1286 792 1320 tam
816 1273 1018 1321 visloria
1049 1275 1175 1334 laeti,
1208 1276 1352 1342 quam
1380 1278 1497 1326 alius
1515 1279 1640 1327 aliun

374 1336 649 1387 accusantes
672 1376 687 1399 ,
731 1340 862 1406 quod
895 1360 1043 1408 quum
1081 1343 1342 1408 potuisset,
1379 1348 1480 1394 non
1504 1348 1633 1395 omni

378 1403 638 1456 summersa
658 1443 672 1466 ,
706 1423 785 1456 aut
819 1426 956 1475 capta
986 1409 1134 1459 claffis
1163 1411 1368 1460 hostium
1396 1413 1523 1463 foret
1544 1451 1560 1475 ‚
1590 1433 1638 1465 re

380 1473 589 1523 dierunt.
635 1476 664 1524 6
696 1475 909 1525 Annibal
944 1477 1057 1526 isius
1094 1498 1190 1527 uno
1227 1480 1390 1545 praelio
1428 1481 1631 1531 adverso

383 1558 448 1589 ne
490 1556 592 1590 tum
630 1544 826 1608 quidem
852 1547 1138 1611 praetervehi
1172 1546 1374 1614 Lyciam
1415 1550 1624 1599 audebat

385 1625 537 1676 quum
560 1609 789 1679 conjungi
813 1616 969 1663 veteri
993 1617 1133 1682 regiae
1160 1615 1283 1663 claffi
1307 1618 1646 1684 quamprimurr

381 1692 600 1742 cuperet.
617 1677 675 1727 Et
700 1681 750 1727 id
780 1698 842 1730 ne
869 1684 912 1731 ei
944 1682 1103 1731 facere
1125 1683 1326 1732 liberum
1351 1684 1497 1747 esset,
1520 1686 1648 1737 Rho-

387 1745 451 1792 dii
472 1745 787 1796 Chariclitum
814 1768 923 1798 cum
952 1752 1121 1818 viginti
1142 1754 1342 1801 navibus
1371 1753 1578 1803 rostratis
1601 1773 1650 1804 ac

380 1812 550 1864 Patara
592 1815 643 1863 &
679 1816 922 1883 Megisten
975 1835 1170 1885 portum
1223 1821 1463 1872 miserunt.
1497 1821 1652 1872 Euda-

448 1914 468 1952 5
490 1900 752 1957 Hepterem...
772 1920 852 1959 quae
865 1904 990 1959 primo

382 1962 569 2016 concursu
608 1965 681 2005 ic'ia
717 1967 860 2019 eran]
909 1968 992 2007 Vel

381 2025 497 2065 aliam
529 2026 739 2080 hepterem
773 2029 954 2083 intellige
977 2058 987 2076 ,

382 2101 499 2140 quam
524 2102 610 2140 quae
632 2088 747 2130 initio
770 2090 894 2143 praelii
919 2092 991 2130 de-

379 2146 505 2187 mersa
535 2150 680 2190 dicitur
711 2165 722 2192 τ
753 2153 818 2193 vel
850 2153 889 2191 in
920 2151 990 2192 illo

381 2210 516 2262 priore
556 2212 648 2251 loco
688 2211 856 2268 demersa
893 2215 991 2255 nihil

380 2272 488 2311 aliud
508 2274 583 2313 erit
602 2301 614 2320 ,
643 2277 759 2328 quam
779 2276 830 2315 ita
851 2277 990 2328 perfo-

379 2344 463 2373 rata
486 2362 497 2380 ‚
519 2345 561 2375 ut
582 2350 722 2389 aquam
747 2338 955 2391 acciperet
973 2367 987 2384 ‚

381 2394 423 2436 &
443 2395 601 2448 paulum
625 2395 784 2438 fideret.

439 2456 465 2496 6
491 2458 668 2498 Annibal
685 2489 695 2500 .
717 2489 727 2500 .
752 2489 763 2500 .
784 2489 795 2500 .
830 2475 877 2500 ne
910 2472 987 2501 tum

378 2517 529 2572 quidem
566 2521 793 2574 pratervehi
828 2521 989 2575 Lyciam

373 2579 562 2620 audebat.
594 2582 611 2634 ]
656 2582 746 2622 Hoc
778 2583 987 2623 absurdum

381 2641 435 2682 est
457 2655 466 2683 :
489 2642 590 2696 quali
608 2644 704 2686 vero
720 2645 853 2687 clades
869 2659 987 2686 acce·

1055 1916 1123 1959 pta
1144 1906 1296 1948 animos
1316 1906 1503 1948 Annibali
1525 1909 1654 1950 facere

1057 1967 1260 2023 debuisset·
1299 1969 1348 2007 ad
1391 1971 1656 2025 peragendum

1056 2029 1278 2084 inceptum.
1306 2031 1465 2071 Vitium
1489 2031 1657 2073 relidere

1055 2091 1215 2132 videtur
1251 2092 1289 2132 in
1321 2094 1446 2133 verbo
1478 2089 1658 2135 audebae'.

1055 2152 1133 2192 Sed
1162 2152 1241 2194 fine
1276 2155 1383 2194 libris
1413 2155 1510 2195 nihil
1538 2169 1660 2197 cona-

1054 2229 1156 2255 mur.
1172 2216 1294 2256 Hane
1307 2215 1417 2256 fuiffe
1438 2217 1537 2257 Livii
1553 2228 1657 2258 men-

1055 2287 1137 2317 tem
1159 2277 1393 2318 arbitramur
1409 2307 1422 2324 ,
1442 2289 1485 2319 ut
1509 2280 1657 2321 diceret

1054 2338 1292 2379 Annibalem
1313 2368 1324 2387 ,
1349 2341 1527 2394 quamvis
1554 2355 1654 2396 prae-

1052 2401 1106 2440 lio
1135 2402 1301 2441 adverso
1328 2402 1472 2449 ieum,
1498 2417 1547 2443 ne
1574 2413 1651 2446 tam

1052 2462 1301 2516 improspero
1327 2464 1483 2516 quidem
1506 2462 1651 2504 success·

1052 2523 1092 2562 su
1114 2524 1350 2564 deterritum
1380 2525 1456 2565 effe
1478 2553 1488 2572 ‚
1508 2523 1654 2579 quomi-

1052 2598 1126 2624 nus
1159 2585 1324 2640 Lyciam
1350 2585 1590 2638 praetervehi
1612 2585 1652 2625 in

1051 2646 1394 2689 animo-haberet.
1608 2657 1615 2664 '
