1680 3052
298 118 653 179 LIBER
734 116 1102 179 XXXIV.
1234 140 1342 204 245

73 189 139 257 T.
167 199 409 266 ⁸Quintius
443 220 553 250 cum
584 217 790 268 quatuor
812 203 1017 250 millibus
1052 202 1550 274 ςΙΕῙεεξὶοτιιῑη[χςιςςφςΔ

75 268 277 316 militum
312 269 667 334 supervenisset.
698 267 742 316 Is
770 287 919 334 quum
948 268 1198 333 supercilio
1221 272 1346 320 haud
1362 282 1550 334 φίλως.

73 338 241 399 procul
265 337 473 386 distantis
496 337 666 384 tumuli
685 337 742 384 ab
760 338 875 385 urbe
898 334 1166 384 instrutfftam
1193 340 1346 386 aciem

74 400 381 463 ostendisset,
416 404 466 452 &
490 421 549 452 ex
587 405 734 452 altera
758 418 892 469 parte
930 403 987 453 L.
1023 402 1253 467 Quintius
1287 408 1346 453 ab

71 471 297 534 operibus
326 472 415 519 suis
445 472 570 519 terra
609 474 823 537 marique
854 469 1079 530 instaret3
1106 485 1205 519 tum
1226 475 1345 520 vero

72 535 340 603 desperatio
369 538 659 604 Gorgopam
682 555 875 605 quoque
916 540 1076 604 coegit
1106 538 1154 586 id
1191 538 1350 586 consi-

70 598 154 663 lii,
190 606 319 670 quod
354 607 400 654 in
428 607 578 655 altero
612 621 768 654 morte
799 606 1130 654 vindicaverat
1152 642 1166 665 ‚
1201 622 1347 671 cape*

67 687 122 720 re
154 689 165 719 t
201 674 250 720 ἃ
285 674 446 739 pactus
485 688 536 722 ut
573 673 810 722 abducere
840 673 953 722 inde
984 674 1188 738 milites,
1222 692 1346 739 quos

0 786 1 797 ἶ
67 738 267 804 praesidii
297 741 438 789 causa
459 740 665 789 habebat
686 778 701 800 ‚
722 743 890 789 liceret
911 778 925 800 ‚
959 741 1151 788 tradidit
1179 740 1346 805 Quin-

50 808 139 854 .tio
185 809 369 858 urbem.
422 806 691 872 Priusquam
739 808 982 873 Gythium
1038 808 1305 857 traderetur
1325 846 1343 866 ‚

67 867 366 943 Pythagoras
396 875 645 942 praefectus
668 876 812 941 Argis
836 876 1008 924 reliciis
1025 914 1039 935 ,
1059 876 1231 924 tradita
1251 895 1344 924 cu—

67 941 220 990 stodia
254 945 380 992 urbis
424 942 692 992 Timocrati
731 942 1023 1002 Pellenensi,
1061 961 1169 990 cum
1207 945 1341 993 mille

64 1014 372 1060 mercenariis
405 1012 629 1059 militibus
653 1048 669 1068 ,
702 1011 764 1069 δεἱ
793 1011 980 1059 duobus
1005 1012 1210 1060 millibus
1244 1010 1343 1060 Ar-

63 1079 324 1145 givorum,
361 1079 769 1127 Lacedaemonem
804 1080 865 1126 ad
897 1075 1062 1143 Nabin
1106 1081 1255 1128 venit.

133 1145 299 1196 XXX.
333 1146 480 1196 Nabis
509 1146 624 1195 sicut
655 1147 813 1212 primo
855 1146 1067 1195 adventu
1103 1146 1339 1196 Romanae

62 1208 244 1274 claffis,
281 1215 332 1264 &
365 1215 620 1266 traditione
643 1215 940 1280 oppidorum
970 1215 1219 1263 maritimae
1242 1233 1340 1264 orae

62 1284 347 1333 conterritus
388 1298 515 1342 erat,
558 1281 619 1330 sic
653 1283 801 1348 parva
834 1281 915 1348 spe
953 1300 1103 1348 quum
1137 1285 1340 1349 acquie-

61 1348 201 1400 viffet
222 1388 236 1410 ,
269 1349 462 1417 Gythio
485 1351 544 1400 ab
567 1349 656 1399 suis
691 1364 884 1401 retento
903 1388 917 1412 ‚
953 1349 1262 1418 posteaquam
1287 1351 1339 1400 id

57 1435 256 1485 quoque
290 1419 516 1468 traditum
553 1418 786 1468 Romanis
815 1419 1000 1468 audivit
1025 1416 1147 1479 esse,
1186 1436 1336 1485 quum

57 1486 121 1534 ab
153 1500 311 1549 terra,
349 1502 371 1554 5
402 1487 623 1553 omnibus
663 1487 785 1536 circa
819 1485 1029 1536 hostibus
1051 1523 1066 1545 ,
1099 1487 1214 1535 nihil
1234 1486 1335 1552 spei

58 1552 206 1614 esset,
241 1573 268 1603 a
303 1556 422 1604 mari
451 1573 643 1622 quoque
679 1570 787 1605 toto
821 1555 865 1604 se
894 1553 1229 1614 interclusum,
1252 1571 1335 1603 ce-

56 1622 275 1672 dendum
305 1623 510 1673 fortunae
537 1640 662 1673 ratus
682 1661 694 1683 ‚
728 1623 1097 1672 caduceatorem
1125 1624 1332 1688 primum
1405 1636 1536 1681 Nabis

54 1692 108 1740 in
145 1690 292 1740 castra
327 1690 450 1741 misit
479 1691 539 1740 ad
574 1692 925 1758 explorandum
947 1729 962 1752 ,
994 1690 1027 1738 fi
1059 1698 1474 1757 paterenturcollo-

19 1801 25 1806 .
56 1759 246 1825 legatos
276 1760 338 1808 ad
371 1759 418 1809 se
447 1761 605 1820 mitti3
632 1760 725 1827 qua
750 1759 1005 1827 impetrata
1027 1776 1078 1808 re
1099 1797 1113 1820 ‚
1142 1754 1325 1824 Pytha·
1342 1760 1472 1813 quium

55 1844 198 1895 goras
234 1828 295 1877 ad
328 1830 673 1894 imperatorem
707 1830 876 1890 venit,
910 1827 1048 1875 nullis
1085 1844 1194 1875 cum
1230 1825 1458 1876 aliispetc't·

57 1895 331 1956 mandatis,
366 1896 510 1963 quam
540 1912 591 1945 ut
623 1911 834 1962 tyranno
874 1896 1086 1962 colloqui
1111 1913 1220 1944 cum
1245 1896 1336 1943 im-

57 1977 284 2030 peratore
338 1962 492 2014 liceat.
531 1965 561 2015 6
607 1963 822 2015 Consilio
868 1965 1145 2025 advocato,
1186 1981 1336 2030 quum

56 2047 234 2080 omnes
286 2031 496 2082 dandum
550 2034 849 2100 colloquium
887 2031 1195 2093 censuiss'e‘nt‚
1233 2032 1336 2081 dies

52 2098 279 2164 locusque
304 2099 616 2150 constituitur.
651 2101 707 2151 In
741 2102 911 2150 mediae
935 2102 1142 2168 regionis
1166 2114 1334 2149 tumu-

56 2167 131 2216 los
171 2167 375 2215 modicis
397 2170 545 2234 copiis
571 2169 869 2235 sequentibus
891 2187 1040 2236 quum
1068 2166 1304 2219 venissent
1318 2181 1338 2229 ‚'

55 2234 227 2285 reliffls
264 2234 332 2297 ibi
373 2237 421 2283 in
454 2237 654 2286 statione
692 2237 942 2304 conspefflr
975 2238 1214 2304 utrimque
1248 2253 1336 2294 cor

121 2359 138 2401 5
174 2347 358 2388 Omnibus
394 2347 497 2387 circii
543 2349 659 2399 hosti·
761 2350 785 2390 6
804 2349 1012 2405 Consilio]
1030 2347 1332 2390 Militari.Vul==

55 2408 171 2461 lma]
207 2410 312 2463 Lege
336 2438 348 2456 ,
385 2412 450 2449 vel
487 2410 658 2450 omnibus
723 2412 772 2467 go
788 2412 898 2458 edin,
914 2411 1109 2451 concilio:
1128 2410 1330 2450 utintelli-

55 2471 159 2510 circci
176 2471 331 2517 hostium
353 2498 363 2516 ‚
385 2472 422 2510 id
444 2472 494 2510 est
510 2500 519 2518 ‚
539 2487 656 2526 quum
722 2484 835 2527 gatur
851 2473 1065 2513 concilium
1080 2469 1330 2512 sociale-Sed

55 2531 185 2571 omnia
207 2545 291 2584 quae
320 2531 421 2571 circa
449 2545 561 2573 erant
580 2535 658 2573 ho-
721 2537 829 2588 prius
844 2534 941 2573 illud
963 2533 1082 2588 magis
1102 2532 1331 2587 placet.De

54 2591 164 2631 stium
196 2592 326 2630 forent
349 2619 361 2638 ,
393 2595 458 2634 vel
483 2596 655 2638 omnibus
719 2596 943 2635 discrimine
975 2595 1114 2634 harum
1149 2607 1295 2633 vocum
1315 2620 1328 2643 ‚

53 2653 159 2695 cited
182 2650 393 2705 hostilibus.
715 2657 797 2700 vid.
817 2667 905 2698 not.
934 2668 946 2695 ι
972 2683 981 2700 ,
1006 2656 1053 2693 ad
1075 2654 1223 2702 XXII,
1245 2665 1293 2709 51
1320 2680 1335 2697 ι

943 2710 982 2762 L
1007 2712 1053 2780 iij
