1680 3052
292 131 647 189 Linea
729 126 1064 188 XXXII.
1211 141 1317 208 '¹⁹23

44 220 213 279 'aptum
246 228 404 261 autem
434 210 538 259 fore
566 207 866 274 colloquium
903 209 1131 259 credebat
1155 246 1170 269 ‚
1211 226 1234 278 3
1272 227 1534 277 mummi

48 281 133 330 fibi
165 280 366 329 liberum
402 276 548 338 effer,
573 275 655 326 vel
684 275 743 324 ad
766 275 948 324 bellum
971 278 1215 336 manenti,
1243 280 1526 332 vela.C.197.

48 349 110 397 ad
137 364 306 414 pacem
331 345 590 396 decedenti
618 361 720 393 rem
749 344 991 393 inclinare.
1014 342 1068 392 In
1089 343 1186 391 (inu
1213 344 1326 394 Ma-

46 415 171 464 liaco
208 430 362 481 prope
399 413 614 462 Nicaeam
644 412 770 461 littus
805 410 1033 477 elegere:
1064 412 1124 460 eo
1151 428 1234 460 rex
1260 414 1324 461 ab

46 481 362 534 Demetriade
393 497 500 529 cum
531 481 742 547 quinque
780 479 951 527 lembis
982 480 1034 527 &
1067 497 1158 527 una
1196 496 1324 530 nave

46 549 241 599 rostrata
263 549 412 601 venit.
443 567 475 608 4
503 547 647 596 Erant
663 564 775 596 cum
797 563 859 597 eo
890 548 1128 613 principes
1153 545 1330 596 Mace-

47 618 231 666 donum
253 654 268 678 ,
307 616 359 665 &
387 614 683 664 Achaeorum
717 614 848 664 exsul
879 616 955 665 vir
981 615 1173 681 insignis
1208 612 1328 681 Cy-

43 684 237 734 cliadas.
274 681 403 733 Cum
437 687 730 749 imperatore
771 681 999 732 Romano
1043 700 1126 732 rex
1158 681 1330 749 Amy-A

45 752 228 802 nander
257 767 356 800 erat
376 790 390 812 ,
430 752 482 801 &
511 749 890 816 Dionysodorus
922 751 1076 799 Attali
1103 751 1325 817 legatus,

44 820 101 869 δε
128 819 492 886 Agesimbrotus
525 818 776 885 praefe&us
813 815 1020 867 Rhodiae
1052 817 1202 866 classis
1225 855 1240 879 ,
1268 819 1326 870 &

42 886 272 937 Phaeneas
307 889 528 954 princeps
557 887 834 935 AEtolorum
857 922 873 946 ‚
912 887 965 935 ὃ(
992 885 1156 935 Achaei
1185 886 1283 935 duo
1306 924 1324 948 ,

45 954 303 1004 Aristaenus
349 955 401 1004 ὅ(
435 954 736 1020 Xenophon.
775 953 906 1003 Inter
943 954 1032 1003 hos
1067 952 1322 1005 Romanus

44 1022 107 1073 ad
138 1038 408 1072 extremum
444 1023 575 1070 littus
613 1019 883 1089 progressus
905 1059 920 1082 ,
958 1039 1108 1088 quum
1148 1039 1232 1071 rex
1267 1024 1320 1073 in

40 1107 236 1157 proram
277 1093 411 1142 navis
444 1092 492 1138 in
523 1091 710 1139 ancoris
737 1087 897 1138 stantis
937 1087 1257 1155 proceffisset,
1293 1103 1319 1157 ς

45 1160 333 1211 Commodius
363 1197 377 1219 ‚
419 1159 573 1225 inquit
602 1195 618 1219 ,
653 1160 701 1222 fi
744 1159 794 1206 in
832 1173 993 1206 terram
1037 1160 1324 1224 egrediaris,

47 1226 95 1275 ὣ
129 1245 187 1275 ex
217 1228 468 1293 propinquo
509 1228 711 1274 dicamus
745 1227 937 1274 invicem
972 1226 1324 1292 audiamusque.

45 1292 220 1358 Quum
249 1312 331 1343 rex
360 1294 593 1343 fassurum
621 1292 667 1343 se
697 1292 747 1341 id
777 1307 1003 1359 negaret3
1041 1298 1185 1360 Quem
1208 1310 1322 1356 tan-

47 1364 146 1411 dem
166 1399 183 1420 ,
219 1363 370 1427 inquit
403 1362 662 1427 Quintius,
689 1362 863 1409 times?
895 1359 977 1409 Ad
999 1362 1092 1410 hoc
1122 1362 1201 1410 ille
1238 1361 1322 1411 su-

44 1429 201 1496 perbo
247 1430 297 1478 &
338 1432 471 1496 regIO
506 1432 667 1479 animo
701 1447 712 1477 :
748 1429 986 1478 Neminem
1018 1430 1218 1494 equidem
1249 1430 1321 1478 ti-

44 1514 139 1545 meo
161 1535 175 1555 ‚
193 1512 355 1563 praeter
371 1501 479 1546 deos
497 1497 772 1547 immortales
791 1515 805 1545 .·
823 1516 913 1546 non
943 1499 1139 1547 omnium
1167 1513 1320 1546 autem

0 1613 1 1626 ζ
43 1566 173 1613 credo
197 1566 345 1628 fidei,
382 1584 493 1630 quos
523 1567 646 1614 circa
678 1580 724 1613 te
758 1565 923 1624 video,
956 1580 1090 1630 atque
1118 1567 1318 1614 omnium

0 1641 1 1644 ’
45 1634 222 1681 minime=
242 1635 442 1682 AEtolis.
465 1633 591 1700 Istud
606 1635 781 1698 quidem
796 1670 813 1691 ,
848 1633 911 1680 ait
931 1630 1181 1682 Romanus
1198 1669 1213 1692 ‚
1228 1651 1321 1698 par

45 1701 248 1750 omnibus
279 1702 530 1766 periculum
564 1703 652 1768 est,
684 1701 761 1766 qui
793 1717 891 1748 cum
925 1702 1038 1765 hoste
1070 1703 1135 1749 ad
1169 1703 1321 1749 collo-

44 1770 198 1834 quium
232 1770 607 1835 congrediuntur‚
639 1768 670 1817 6
704 1783 754 1817 ut
787 1769 919 1817 nulla
938 1770 1060 1832 fides
1083 1771 1164 1833 fit.
1202 1771 1317 1817 Non

42 1851 217 1895 tamen,
238 1837 391 1902 inquit
417 1853 500 1886 rex
520 1875 534 1896 ‚
570 1840 624 1887 T.
655 1837 850 1903 Quinti,
869 1854 958 1902 par
978 1838 1182 1902 perfidiae
1197 1854 1317 1900 prae-

42 1906 179 1951 mium
209 1905 264 1969 est
282 1940 299 1963 ,
316 1906 363 1969 fi
379 1903 549 1970 fraude
580 1920 745 1970 agatur
768 1941 783 1964 ,
817 1905 1068 1969 Philippus
1100 1905 1145 1953 G·
1179 1905 1318 1953 Plzae-

42 1989 154 2019 neas
171 1988 192 2030 ,-
211 1990 348 2036 neque
370 1974 486 2021 enim
507 1974 627 2037 aeque
644 1971 886 2038 difficulter
901 1971 1057 2020 AEtoli
1079 1986 1318 2037 praetorem.

28 2039 187 2086 'alium
205 2076 218 2098 ,
240 2056 294 2086 ac
325 2041 606 2088 Macedones
632 2057 773 2106 regem
796 2041 844 2088 in
871 2056 1010 2086 meum
1035 2040 1182 2088 locum
1198 2040 1317 2105 subg

28 2105 244 2172 stimant.
278 2105 555 2158 Secundum
583 2107 684 2157 haec
714 2106 952 2156 silentium
983 2105 1093 2158 fuit.

106 2242 126 2286 3
165 2230 223 2273 Ue
258 2231 335 2286 fibi
364 2229 525 2271 liberum
555 2228 646 2283 effet
709 2231 748 2272 ὃ·
773 2231 1083 2279 Demosthenes,
1109 2229 1177 2274 hic
1195 2245 1217 2273 a
1236 2229 1314 2274 Po·

42 2293 107 2333 vel
133 2295 185 2333 ad
212 2293 406 2343 bellarm]
435 2293 492 2333 Ut
518 2292 645 2345 poffet
706 2293 818 2348 lybio
843 2293 1053 2333 nominati.

8 2407 10 2409 ‚
44 2354 160 2394 facile
177 2357 243 2395 vel
259 2356 308 2395 ad
327 2354 475 2395 bellum
492 2354 646 2394 remin·
773 2367 792 2406 5
817 2353 1104 2406 Commodum]
1125 2354 1278 2409 Supple
1301 2359 1318 2403 ,‘

45 2415 193 2455 clinare
214 2443 224 2463 ,
243 2415 269 2455 fi
289 2426 470 2456 maneret
494 2415 575 2468 ipse
603 2416 645 2456 in
708 2415 783 2458 erit
800 2444 815 2462 ,
836 2417 902 2456 vel
925 2414 1070 2469 fiicies.

44 2476 257 2528 provincia
277 2490 291 2524 3
313 2478 378 2518 vel
400 2478 448 2517 ad
471 2491 612 2530 pacem
630 2505 643 2526 ,
769 2476 796 2518 6
833 2476 890 2517 Ut
922 2477 1034 2516 nulla
1071 2477 1176 2533 fides
1201 2475 1271 2529 sit.
1291 2473 1310 2527 ]

45 2535 73 2577 si
93 2537 289 2578 decedere
310 2537 465 2579 necess‘e
490 2539 613 2579 foret.
707 2537 825 2593 Legit
844 2536 1083 2579 Gronovius
1097 2567 1107 2584 ‚
1127 2550 1168 2576 ur
1187 2537 1224 2576 in
1246 2538 1313 2575 du·

108 2597 276 2646 4Eranc
291 2613 373 2639 cum
390 2614 434 2639 eo
451 2600 647 2654 principes
710 2599 773 2640 bio
792 2599 896 2654 fides
909 2599 963 2653 stc
982 2613 994 2639 .·
1015 2600 1051 2638 id
1074 2598 1126 2638 est
1147 2626 1157 2645 ,
1178 2608 1221 2638 nt
1242 2598 1314 2637 du-

43 2656 357 2710 Macedonum]
376 2659 648 2716 Apollodorus
711 2661 774 2702 bia
806 2660 851 2702 fit
878 2661 1075 2724 utrimqrje
1106 2658 1202 2701 fides
1226 2686 1236 2707 ‚
1271 2666 1316 2700 ut

959 2717 1046 2785 Fi,
