1680 3052
260 122 618 179 LrssER
712 115 1042 176 XXXII.
1211 132 1285 200 95

11 203 155 257 ⁷deret
187 217 458 252 ceterorum
487 194 824 247 Thessalorum
850 201 1036 246 animos
1061 236 1074 258 ‚
1095 197 1128 246 si
1151 203 1293 266 primi
1311 230 1340 271 U
1367 231 1506 280 0554}

16 276 119 327 vim
153 271 423 321 Romanam
462 284 562 325 non
600 263 947 325 sustinuissent,
981 267 1097 314 vicit
1140 265 1508 337 perti-a,'c‚19g,

18 343 203 392 naciam
249 336 600 390 Macedonum.
642 332 802 400 Capta
840 332 1058 382 Phaleri&
1089 371 1105 393 ‚
1156 334 1304 402 legati

19 409 51 460 8
77 427 105 458 a
126 405 397 472 Metropoli
425 402 475 452 &
506 421 534 451 a
560 401 698 468 Piera
722 401 956 451 dedentes
977 402 1120 450 urbes
1147 419 1305 452 vene-

21 491 133 528 runt
163 495 174 525 :
201 477 344 527 venia
378 470 559 521 eisdem
588 471 865 537 petentibus
901 470 1054 518 datur.
1082 468 1301 521 Phaleria

21 543 212 603 incensa
258 559 311 590 ac
345 539 535 606 direpta
572 538 656 589 est.
701 537 824 588 Inde
853 537 1099 605 AEginium
1143 541 1304 604 petir3

18 629 167 679 quem
195 611 355 659 locum
393 607 643 675 quumvel
677 607 875 657 modico
907 605 1125 671 praesidio
1147 623 1306 656 tutum

18 697 76 729 ac
111 695 263 745 prope
307 675 738 743 inexpugnabilem
776 673 1000 736 vidisset,
1041 677 1204 741 paucis
1255 677 1306 724 in

19 744 271 797 stationem
301 747 577 811 proximam
604 744 711 793 telis
747 741 978 807 conjeffis
997 780 1011 803 ‚
1046 744 1107 791 ad
1135 742 1306 793 Gom-

22 816 231 885 phorum
253 814 505 881 regionem
533 830 710 880 agmen
730 812 878 860 vertit
901 829 911 858 :
935 826 964 873 9
987 810 1309 879 digressusque

21 886 72 934 in
100 900 297 950 campos
324 879 577 931 Thessaliae
597 919 612 942 ‚
641 898 791 947 quum
831 877 929 944 jam
960 882 1127 928 omnia
1166 898 1308 929 exer-

21 954 136 1002 citui
182 948 395 1001 deeffent
424 987 438 1009 ‚
490 950 602 1016 quia
647 948 956 1016 Epirotarum
1020 963 1308 1015 pepercerat

22 1021 181 1088 agris,
220 1018 476 1085 explorato
521 1018 630 1066 ante
664 1055 679 1078 ,
716 1018 876 1066 utrum
926 1015 1203 1066 Leucadem
1250 1033 1306 1067 ac

22 1088 177 1141 finum
216 1088 533 1136 Ambracium
586 1087 817 1135 onerariae
858 1082 1113 1135 tenuissent
1139 1123 1153 1146 ‚
1202 1085 1310 1135 fru-

23 1155 292 1208 mentatum
327 1154 640 1204 Ambraciam
675 1170 694 1201 1
721 1155 933 1203 invicem
971 1153 1198 1204 cohortes
1217 1156 1312 1204 mi-

24 1224 82 1274 fit
119 1243 131 1273 ε
165 1224 215 1274 &
253 1221 321 1274 est
352 1225 441 1273 iter
463 1240 489 1270 a
524 1221 774 1290 Gomphis
802 1221 1118 1270 Ambraciam
1142 1260 1156 1283 ,
1193 1221 1311 1273 ficut

25 1293 315 1359 impeditum
348 1309 403 1339 ac
437 1289 630 1340 difficile
650 1328 665 1352 ‚
696 1292 760 1340 ita
786 1289 938 1356 spatio
960 1291 1203 1356 perbrevi.
1226 1290 1313 1339 In·-

25 1375 98 1410 tra
119 1379 299 1426 paucos
319 1361 479 1426 itaque
502 1359 605 1408 dies
627 1397 642 1420 ,
670 1357 945 1409 transvectis
975 1377 1002 1407 a
1023 1360 1141 1407 mari
1170 1376 1314 1408 com-

25 1429 294 1488 meatibus,
331 1427 517 1493 repleta
553 1429 687 1476 omni
714 1444 874 1477 rerum
909 1427 1053 1492 copia
1088 1426 1194 1475 sunt
1231 1446 1314 1476 ca·-

25 1495 134 1546 stra.
157 1495 276 1546 Inde
296 1493 534 1545 Atracem
564 1493 632 1545 est
655 1495 896 1562 profecius
919 1513 929 1543 :
954 1496 1127 1545 decem
1157 1495 1313 1546 ferme

27 1565 178 1614 millia
205 1565 264 1614 ab
308 1562 481 1612 Lariffa
512 1561 641 1614 abest
670 1582 681 1612 :
723 1582 784 1614 ex
821 1563 1093 1613 Perrhaebia
1121 1565 1312 1613 oriundi

1377 1592 1421 1636 A
1422 1609 1521 1644 trem

27 1628 134 1683 sunt
159 1652 170 1683 ε
195 1632 276 1682 fita
302 1631 368 1682 est
390 1633 502 1681 urbs
538 1631 678 1700 super
704 1632 921 1683 Peneum
942 1649 1155 1682 amnem.
1176 1632 1488 1713 Nihssffsefflt·

25 1701 332 1768 trepidavere
356 1699 568 1750 Thessali
598 1701 658 1750 ad
680 1703 892 1769 primum
915 1701 1178 1752 adventum
1204 1702 1313 1752 Ro-

27 1787 303 1820 manorum.
349 1767 410 1819 Et
452 1768 699 1837 Philippus
731 1810 747 1832 ,
790 1769 908 1819 ficut
935 1772 984 1819 in
1017 1768 1313 1819 Thessaliam

26 1837 127 1906 ipse
161 1838 387 1906 progredi
415 1856 517 1888 non
556 1839 796 1898 audebat,
844 1839 911 1886 ita
948 1841 1070 1887 intra
1116 1837 1314 1905 Tempe

31 1904 209 1971 stativis
241 1905 438 1974 positis,
474 1921 531 1976 ut?
559 1906 759 1977 quisque
787 1907 923 1957 locus
951 1907 1012 1956 ab
1044 1905 1178 1957 hoste
1207 1922 1319 1957 ten-

35 2042 258 2088 Romanam
307 2064 390 2091 non
445 2048 649 2092 sustinuiss
693 2047 875 2099 Piala,
899 2052 987 2108 quae
1008 2047 1102 2094 urbs
1118 2052 1173 2095 est
1189 2053 1326 2103 Thes-³⁴

36 2108 125 2150 sent
157 2122 168 2150 ε
202 2110 256 2151 ita
291 2112 451 2153 demum
484 2123 648 2155 ceteros
712 2113 834 2156 saliae.
950 2162 953 2165 V
999 2162 1002 2166 .

37 2169 248 2214 Thessalos
270 2172 455 2215 inclinari
472 2173 581 2228 posse
599 2176 650 2224 ad
714 2166 721 2194 ἶ
773 2188 799 2228 9
832 2173 1108 2232 Digrefficsque
1143 2176 1185 2217 in
1217 2184 1326 2218 cam-'

37 2224 245 2275 Romanos
266 2261 277 2282 ,
294 2234 338 2275 .s1
363 2236 399 2276 vii
432 2236 499 2290 'qui
531 2236 649 2289 primi
707 2237 830 2291 pos-J
853 2237 1003 2278 Melius
1032 2238 1234 2294 degreffus.
1261 2240 1323 2282 Ex

40 2290 265 2351 o'ppugnati
290 2297 427 2338 forent
455 2298 536 2338 vim
563 2297 652 2339 Ro·
711 2299 831 2339 ardua
869 2300 910 2340 δε
939 2312 1127 2340 montana
1152 2301 1321 2356 regione

41 2369 194 2398 manam
210 2357 293 2399 non
312 2359 589 2402 sustinuissent.
714 2360 853 2401 consul
873 2361 1137 2403 descenderat
1157 2363 1196 2403 in
1219 2376 1325 2402 camo

114 2428 118 2433 ’
714 2435 788 2477 pos
806 2422 1033 2465 Theffaliae.

106 2477 132 2519 8
155 2477 440 2538 A'Metropoli
459 2483 493 2523 δ’
516 2498 539 2522 a
559 2481 650 2524 Pie·-
778 2495 798 2526 1
818 2483 1007 2526 Invicem.
1021 2487 1035 2512 Ὗ
1052 2484 1321 2536 ΑΙῑετῃειῑίητ,

44 2540 141 2593 ‹ra-J
169 2541 282 2582 Loco
313 2542 545 2598 posterioris
579 2559 650 2585 no·
714 2546 769 2585 ita
805 2546 857 2587 ut¹
881 2547 920 2586 in
952 2548 1090 2588 orbem
1127 2548 1324 2590 cohortes

46 2601 160 2641 minis
183 2630 194 2651 ,
216 2604 323 2657 quod
351 2606 494 2648 merito
518 2607 650 2660 suspe-
716 2622 857 2648 omnes
892 2623 944 2652 eo
971 2622 1137 2657 munere
1173 2607 1325 2668 funge‘?
1367 2604 1370 2607 >

49 2662 154 2715 {ium
195 2663 250 2707 est
278 2659 295 2713 ‚⁴
315 2666 434 2725 ⁴legit
466 2668 653 2725 Sigonius
716 2679 874 2715 rentur.
