1680 3052
240 83 286 146 L
330 105 352 145 1
400 102 436 144 B
482 102 518 145 E
562 103 603 145 R
684 85 1140 145 XXXVIII.
1231 93 1345 164 509

62 168 310 218 'commissa
339 171 463 219 inter
500 169 548 218 se
582 168 881 217 munimenta
915 167 1087 214 urbem
1127 169 1340 216 intravit.
1355 180 1542 230 affin„

62 232 310 286 Nicandro
343 255 452 285 cum
483 252 642 286 cetera
667 248 808 283 manu
842 234 1000 300 primb
1034 232 1342 298 Epirotarum
1356 237 1545 287 &Cas-⁷„

66 300 212 352 castra
243 303 382 353 noete
418 304 614 371 aggredi
645 302 895 352 consilium
915 299 1070 350 suerat
1089 317 1104 359 3
1126 302 1252 348 haud
1272 302 1348 351 fa·

64 369 142 417 cili
175 372 234 419 ab
282 371 517 421 Romanis
553 372 731 421 auxilio
754 409 768 432 ,
800 372 909 436 quia
943 369 1126 417 flumen
1166 368 1351 417 intere-

64 450 171 497 rat3-
205 439 379 488 deinde
424 438 744 506 periculosum
790 440 1038 503 inceptum
1077 450 1241 493 ratus,
1285 453 1348 485 ne

42 504 161 569 -quz'i
188 505 415 555 sentirent
447 507 693 566 Romani,
726 507 779 555 &
811 503 1041 572 regreffus
1066 504 1178 551 inde
1201 503 1248 550 in
1268 518 1351 551 tu-

66 584 170 620 tum
202 591 302 623 non
340 573 452 623 effer
473 612 488 636 ‚
520 574 772 623 deterritus
802 574 862 626 ab
896 574 990 621 hoc
1018 570 1216 620 consilio
1237 607 1253 628 ,
1286 569 1349 619 ad

51 639 465 708 'depopulandam
497 640 818 690 Acarnaniam
860 643 950 689 iter
986 640 1246 688 convertit.

136 707 203 756 V.
235 707 418 758 Consul
451 707 551 774 jam
577 710 886 757 munimentis
905 745 920 769 ,
953 706 1126 773 quibus
1152 705 1349 772 sepien-

67 774 128 822 da
172 776 282 825 urbs
327 791 428 825 erat
457 814 473 834 ,
510 774 610 841 jam
648 776 907 841 operibus,
937 790 1043 841 quae
1076 773 1354 823 admovere

67 845 212 891 muris
243 845 438 910 parabat
463 880 477 904 ,
518 842 770 909 perfeffis‚
801 844 1012 909 quinque
1054 840 1190 890 simul
1226 841 1349 892 locis

69 913 251 959 moenia
284 909 350 960 est
381 910 651 978 aggressus3
676 912 707 962 6
742 913 830 960 tria
866 910 1058 977 paribus
1086 910 1352 959 intervallis

66 976 281 1028 faciliore
301 979 430 1028 aditu
457 998 482 1028 a
501 996 675 1045 campo
697 1017 713 1039 ‚
735 979 964 1028 advershs
985 985 1016 1042 7
1043 976 1315 1044 Pyrrheum
1335 1014 1350 1037 ‚

68 1046 203 1111 quod
223 1060 434 1105 vocant,
460 1047 711 1097 admovit:
735 1063 884 1096 unum
912 1063 939 1096 e
967 1048 1167 1112 regione
1192 1044 1221 1095 8
1242 1044 1352 1094 AEso
1415 1045 1554 1103 Ospa-

74 1112 249 1180 culapii
270 1152 285 1175 ,
311 1131 459 1163 unum
493 1116 723 1164 adversiis
755 1131 933 1163 arcem.
971 1113 1213 1163 Arietibus
1248 1110 1512 1162 mu.gr1atio.

69 1198 151 1230 ros
208 1183 452 1248 quatiebat
486 1199 501 1243 ;
556 1182 779 1232 afferibus
828 1182 1010 1232 falcatis
1065 1182 1353 1249 detergebat

71 1251 259 1314 pinnas.
291 1249 586 1316 Oppidanos
614 1250 772 1318 primo
796 1288 812 1310 ‚
840 1250 893 1300 &
925 1249 985 1299 ad
1014 1248 1227 1314 speciem
1249 1286 1263 1309 ,
1300 1249 1354 1299 δὲ

72 1316 135 1366 ad
173 1317 288 1366 ὶξὶυε
319 1322 555 1367 moenium
592 1336 701 1369 cum
734 1318 931 1368 terribili
960 1316 1116 1366 sonitu
1150 1317 1310 1367 editos
1336 1354 1353 1378 ‚

68 1401 227 1450 pavor
265 1403 319 1434 ac
353 1387 613 1452 trepidatio
655 1387 783 1453 cepit
818 1403 830 1435 z
880 1385 1056 1435 deinde
1089 1399 1141 1435 ut
1180 1399 1353 1451 praeter

71 1450 207 1517 spem
232 1451 353 1502 stare
377 1471 543 1504 muros
562 1455 821 1514 viderunt3
846 1453 1057 1504 colleffls
1082 1452 1231 1502 rursus
1253 1455 1358 1501 ani·

72 1521 164 1569 mis
181 1558 196 1581 ‚
225 1522 273 1569 in
298 1523 471 1572 arietes
488 1538 519 1588 9
542 1523 871 1572 tollenonibus
890 1522 1173 1571 libramenta
1199 1521 1362 1588 plum-*-

73 1585 124 1636 bi
167 1603 247 1637 aut
282 1587 501 1638 saxorum
544 1607 566 1639 1
611 1589 850 1657 stipitesve
889 1588 1109 1639 robustos
1142 1590 1357 1638 incutie-

72 1654 221 1715 bant;
243 1655 388 1707 falces
411 1694 427 1718 ‚
460 1661 649 1707 ancoris
685 1658 850 1708 ferreis
882 1656 1066 1723 injeffis
1091 1695 1104 1716 ‚
1135 1659 1182 1705 in
1221 1657 1357 1706 inte-

72 1724 254 1776 riorem
294 1739 484 1793 partem
524 1727 648 1776 muri
680 1727 921 1777 trahentes
963 1723 1161 1776 asserem
1183 1761 1199 1787 ‚
1233 1742 1355 1793 per-

138 1885 165 1926 6
186 1883 282 1926 Tria
303 1883 465 1940 paribus
489 1881 684 1928 interval-

75 1943 158 1989 tis..
182 1948 404 2002 admovit.]
427 1948 615 2005 Intellige
633 1962 684 1991 ex

73 2022 115 2050 c.
138 2008 220 2064 seq.
247 2008 324 2049 tria
351 2023 476 2063 opera
492 2007 683 2052 adversiis

74 2083 199 2112 unum
230 2070 450 2126 Pyrrheum
483 2073 643 2112 admota
669 2086 681 2113 z

75 2145 98 2173 a
118 2133 258 2186 quihus
281 2132 432 2173 diversa
459 2132 620 2175 fuerunt
635 2147 682 2174 ea

76 2207 168 2249 quae
205 2193 289 2247 post
320 2194 605 2236 nominantur:
626 2195 683 2237 ita

76 2267 123 2296 ut
141 2253 315 2311 quinque
332 2270 351 2294 a
368 2252 558 2297 Romanis
586 2270 684 2310 ope·

72 2314 119 2358 ra
139 2313 329 2358 adverstis
347 2316 594 2359 Ambraciam
611 2319 683 2358 ad-

74 2390 185 2420 mota
216 2378 383 2419 fuerint.

140 2454 166 2491 7
187 2437 415 2494 Pyrrheum.
432 2439 450 2493 ]
471 2439 553 2494 Qui
569 2441 684 2482 locus

74 2499 129 2543 sic
154 2501 314 2541 videtur
338 2501 461 2542 dietus
482 2516 504 2541 a
525 2501 684 2558 Pyrrho

75 2576 174 2617 tege
198 2590 210 2608 ,
246 2561 360 2613 cujus
390 2562 536 2618 regiam
569 2564 609 2604 in
638 2577 684 2604 ea

70 2624 176 2675 vrbe
205 2622 317 2667 fuisse
336 2624 457 2668 docet
473 2624 607 2669 Livius
628 2625 684 2667 in-

746 1877 805 1922 fra
823 1909 836 1926 ,
859 1893 895 1922 c.
918 1887 960 1933 9.
1335 1918 1337 1925 Α

813 1942 836 1983 8
855 1936 1140 1996 AEsculapiz'.]
1173 1936 1269 1980 Hoc
1301 1937 1359 1979 di·

747 2002 848 2044 &um
875 2003 1154 2058 intelligimus,
1183 1999 1289 2055 quasi
1306 2001 1355 2041 ab

745 2063 1021 2120 AEsculapium
1038 2090 1050 2111 ‚
1072 2062 1129 2110 i1',
1161 2064 1271 2116 quod
1302 2062 1357 2102 est

744 2128 937 2180 templum
948 2123 1181 2177 AEsculapii,
1198 2122 1357 2166 Graecis

743 2190 1049 2240 Ασκληπιεῖον.
1076 2193 1226 2233 Eadem
1267 2192 1358 2233 for-

746 2254 808 2296 ma
830 2254 966 2295 dicunt
981 2253 1112 2297 Latini
1127 2254 1322 2295 Dianium
1337 2281 1356 2300 ,

745 2316 1003 2357 Minervium.

807 2389 834 2431 9
872 2376 1171 2419 Tollenonibus.
1202 2376 1221 2431 ]
1255 2375 1360 2420 Vid.'

747 2450 835 2482 not.
863 2452 908 2480 ιι
932 2468 943 2488 ,
965 2439 1015 2479 ad
1032 2437 1205 2486 XXIV,
1232 2447 1304 2489 34.

814 2514 831 2542 1
869 2501 1088 2556 Stipites...
1121 2499 1354 2552 robustos.)

749 2563 917 2617 Stipites
942 2577 964 2604 e
988 2562 1136 2603 robore
1156 2559 1356 2604 dutiffimo

749 2625 880 2681 figno0

1030 2680 1151 2736 Yiv
