1680 3052
297 114 657 177 LIBER
739 114 1028 177 XXXI.
1229 118 1304 198 65

30 199 248 252 nobilem
281 197 478 247 Euboeae
512 199 707 264 portum
731 235 746 258 ,
785 197 901 246 dum
937 216 963 245 a
994 197 1204 264 Carysto
1234 200 1509 267 Is·U.c.552·‘

32 267 109 318 saei
140 269 347 318 redirent
365 305 378 326 ‚
410 268 580 316 tenuit.
604 265 724 314 [nde
750 282 923 314 omnes
944 266 1065 312 velis
1088 269 1134 313 in
1159 268 1307 315 altum
1319 269 1508 314 a.C.200.

35 337 155 386 datis
191 374 206 396 ‚
257 336 396 384 maris
444 335 608 383 medio
658 348 831 399 praeter
868 331 1075 398 Scyrum
1112 333 1311 384 insulam

29 402 163 454 Icum
185 419 448 470 pervenere
473 420 482 450 :
510 403 572 449 ibi
593 419 771 467 paucos
794 401 894 448 dies
917 437 932 458 ‚
959 399 1189 450 saeviente
1209 401 1311 450 Bo-

33 472 117 521 rea
147 473 314 521 retenti
344 508 359 531 ,
388 469 482 517 ubi
520 469 672 536 prima
707 468 1021 535 tranquillitas
1057 468 1168 516 data
1204 468 1273 518 est
1295 506 1314 530 ,

38 538 277 590 Sciathum
296 536 526 601 trajecere
543 576 556 597 ,
583 536 813 586 vastatam
828 535 997 584 urbem
1017 573 1032 595 ,
1055 536 1318 603 direptam-

35 624 130 672 que
175 622 325 672 nuper
363 624 389 654 a
419 604 662 671 Phihppo.
706 604 795 654 Per
828 621 968 671 agros
1006 604 1152 670 palati
1180 605 1317 653 mili-

35 687 109 723 tes
146 673 438 723 frumentum
457 711 472 733 ,
499 675 551 722 ἃ
574 672 607 722 fi
641 690 733 740 qua
767 673 857 720 alia
880 672 977 719 usui
1005 670 1097 722 effe
1121 672 1183 721 ad
1205 671 1315 723 ves³

35 742 240 791 cendum
275 756 535 809 poterant,
575 740 635 789 ad
673 757 826 789 naves
862 740 1068 789 retulere
1099 757 1109 788 :
1138 741 1315 806 praedae

35 826 126 858 nec
156 824 255 859 erat
281 811 536 877 quicquam
559 847 572 867 ‚
617 825 706 856 nec
741 822 1015 857 meruerant
1038 806 1199 857 Graeci
1231 826 1315 859 cur

36 876 371 944 diriperentur.
409 877 528 926 Inde
562 874 900 927 Cassandream
937 890 1191 942 petentes,
1216 879 1316 942 pri-

35 945 120 994 mb
151 944 178 994 8
203 946 262 993 ad
297 946 501 994 Mendin
525 982 538 1005 ‚
575 947 867 993 maritimum
889 946 1090 992 civitatis
1111 943 1212 1006 ejus
1237 947 1314 994 vi-

34 1029 140 1060 cum
158 1050 172 1072 ,
209 1028 442 1062 tenuere:
478 1013 589 1062 inde
616 1030 759 1079 quum
780 1050 794 1072 ,
826 1012 1048 1076 superato
1073 1031 1316 1076 promon-

33 1081 158 1130 torio
180 1119 196 1139 ,
235 1081 296 1129 ad
339 1081 435 1148 ipsa
473 1082 652 1128 moenia
688 1081 816 1128 urbis
845 1083 1167 1146 circumagere
1198 1081 1314 1130 clas-

33 1147 130 1197 sem
163 1149 347 1198 vellent
375 1187 390 1211 ,
434 1148 556 1197 saeva
592 1148 762 1197 coorta
799 1146 1117 1214 tempestate,
1153 1166 1314 1215 prope

33 1215 189 1266 obruti
213 1216 431 1265 fluilibus
453 1254 468 1277 ,
495 1214 684 1283 disperfi
703 1253 718 1277 ‚
741 1232 914 1282 magna
940 1233 998 1264 ex
1020 1229 1154 1282 parte
1174 1217 1313 1266 amis-

35 1281 93 1332 fis
123 1285 464 1354 armamentis„
494 1286 542 1334 in
585 1298 762 1334 terram
807 1281 1094 1351 effugerunt.
1139 1282 1312 1337 Omen

33 1367 228 1418 quoque
282 1370 337 1402 ea
371 1354 608 1401 maritima
642 1350 897 1418 tempestas
934 1352 994 1400 ad
1043 1369 1145 1401 rem
1181 1354 1310 1405 terr&

31 1420 295 1485 gerendam
334 1420 421 1468 fuit
456 1438 466 1469 :
505 1439 616 1470 nam
650 1420 861 1470 collectis
906 1422 954 1467 in
989 1437 1139 1468 unum
1166 1423 1308 1470 navi-

29 1487 151 1544 bus,
188 1486 506 1555 expositisque
540 1490 692 1555 copiis
729 1486 929 1557 aggreffi
960 1489 1128 1538 urbem
1151 1526 1165 1548 ‚
1193 1508 1307 1540 cum

34 1554 196 1604 multis
226 1556 503 1606 vulneribus
536 1555 709 1623 repulsi
746 1559 842 1623 (&
873 1571 974 1606 erat
1001 1557 1217 1606 validum
1241 1558 1308 1608 ibi

28 1625 214 1689 regium
251 1623 557 1693 praefidium)
589 1626 723 1674 irrito
750 1628 949 1691 incepto
981 1624 1174 1693 regreffi
1201 1624 1306 1675 Ca-

29 1690 236 1741 nastrum
270 1691 486 1742 Pallenes
516 1691 750 1758 trajecere
779 1711 788 1741 :
813 1693 926 1742 inde
947 1692 1167 1760 superato
1187 1692 1304 1743 To·-

27 1776 159 1808 ronae
193 1763 534 1823 promontorio
555 1801 571 1820 ,
599 1763 884 1829 navigantes
915 1760 1192 1811 Acanthum
1216 1781 1305 1829 pe-

28 1828 164 1877 tiere.
189 1826 259 1877 Ibi
279 1830 434 1895 prim&
459 1847 569 1897 ager
594 1829 829 1890 vastatus,
869 1829 1045 1879 deinde
1071 1830 1168 1894 ipsa
1189 1831 1302 1882 urbs

31 1896 81 1944 vi
109 1911 270 1961 capta,
293 1915 346 1945 ac
369 1898 554 1964 direpta
575 1916 585 1946 :
612 1915 701 1947 nec
733 1897 854 1947 ultra
880 1897 1111 1966 progreffi
1129 1938 1143 1960 ,
1166 1898 1304 1966 (jam

31 1963 162 2011 enim
198 1964 249 2012 &
285 1982 451 2031 graves
484 1966 644 2032 praeda
662 1983 810 2016 naves
833 1966 1074 2015 habebant
1095 1966 1116 2034 )
1138 1984 1267 2017 retro
1285 2005 1304 2029 ,

27 2030 159 2078 unde
197 2047 464 2095 venerant,
496 2033 742 2084 Sciathum
764 2072 780 2096 ,
815 2035 867 2085 &
890 2037 951 2084 ab
986 2034 1176 2087 Sciatho
1203 2036 1305 2086 Eu-

26 2095 190 2147 boeam
228 2115 465 2165 repetunt.

93 2165 275 2215 XLVI.
296 2166 366 2216 Ibi
388 2169 547 2218 reliffli
568 2169 706 2220 classe
724 2207 739 2230 ‚
782 2169 954 2220 decem
975 2171 1179 2220 navibus
1212 2189 1302 2221 ex·-

24 2234 385 2299 peditishsmum
429 2237 688 2287 Maliacum
721 2240 960 2288 intravere
984 2277 999 2300 ,
1046 2239 1106 2288 ad
1144 2241 1298 2289 collo·
1357 2239 1502 2281 Collo-2·

24 2303 268 2416 ‹Sluendum
293 2321 401 2352 cum
434 2306 606 2355 AEtolis
631 2307 692 2356 de
724 2309 909 2356 ratione
930 2307 1129 2373 gerendi
1161 2301 1432 2357 belli-quium

63 2370 324 2435 ipyrrhicas
371 2373 564 2423 AEtolus
616 2375 839 2442 princeps
888 2376 1141 2442 legationis
1192 2363 1498 2466 ejusffgoizin

72 2458 96 2498 8
114 2461 182 2500 Ad
197 2461 412 2504 Mendin...
430 2465 623 2519 temera]
689 2476 768 2505 tam
800 2466 901 2506 velit
918 2495 929 2514 ‚
963 2466 1182 2520 explicabis
1213 2466 1292 2506 hoc
1307 2486 1499 2527 Attalo&

24 2516 252 2572 Praepon‘itio
289 2526 340 2563 ad
364 2540 445 2566 non
478 2526 532 2567 est
558 2541 626 2567 ne·
687 2527 808 2567 modo
847 2541 857 2567 ε
890 2538 1060 2569 tenuere
1095 2528 1206 2567 littus
1244 2531 1292 2568 ad
1305 2545 1497 2592 Romam-3

25 2580 214 2628 cessaria,
253 2585 292 2624 δι
325 2586 453 2638 potest
481 2589 623 2629 deleri.
688 2589 861 2628 Mendin
892 2617 905 2634 ‚
958 2589 1071 2629 littus
1116 2589 1292 2632 vicinum
1439 2592 1445 2596 ”

23 2640 68 2686 Si
94 2643 179 2701 quis
209 2654 342 2692 tamen
371 2661 458 2691 eam
485 2660 626 2704 retenf
687 2650 781 2693 vico
799 2650 866 2709 qui
885 2661 1056 2694 vocatur
1070 2648 1255 2705 Messffisso.
