1680 3052
293 108 343 167 L
382 122 408 164 1
451 119 488 162 B
535 118 574 161 n
614 118 657 161 R
739 100 1194 160 XXXVIII.
1296 99 1406 181 587

130 187 195 240 P.
213 190 446 254 Scipionis
465 183 722 250 exfhtiar1'5
754 183 839 246 nist
858 184 902 230 δ’
925 185 1063 247 ipsius
1085 182 1220 248 fizmcz
1232 182 1605 248 fipultitj,c,565.

131 260 384 317 laceretur,
419 256 462 303 δ’
485 254 637 319 frater
666 251 874 317 insuper,
905 247 933 296 8
968 252 1149 313 acceſjio
1182 251 1370 298 invidia
1389 251 1604 308 ,i.C.187.

131 329 360 374 manetur.
399 322 472 371 Μ.
512 319 638 371 Cato
676 317 810 368 suafit
846 318 1152 384 rogationem
1179 354 1194 376 ,
1223 315 1412 384 (exstat

132 394 290 441 oratio
343 389 446 457 ejus
497 390 555 438 de
610 388 812 455 pecunia
860 386 986 452 regis
1028 384 1264 435 Antiochi
1291 384 1314 453 )
1351 386 1406 436 &

130 459 401 509 Mummios
440 459 659 507 tribunos
703 454 982 504 aucioritate
1024 452 1256 503 deterruit
1290 491 1304 514 ,
1341 469 1408 504 ne

128 527 493 578 adversarentur
551 524 809 592 rogationi.
860 521 1238 571 Remittentibus
1284 538 1408 588 ergo
1492 529 1498 551 ⁸

131 598 204 645 his
225 593 614 645 interceffionem
634 630 652 652 ,
675 608 848 642 omnes
882 591 1029 640 tribus
1048 627 1064 653 ,
1082 590 1150 639 uti
1169 587 1373 656 rogasset
1391 625 1412 650 ‚
1480 634 1495 651 ,

132 661 379 730 jusserunt.

194 731 306 780 LV.
341 730 444 780 Ser.
478 728 690 795 Sulpicio
730 726 906 776 deinde
949 724 1190 775 referente
1213 761 1228 785 ‚
1260 738 1412 791 quem

129 801 384 866 rogatione
418 797 603 847 Petillia
636 811 850 861 quaerere
877 795 1059 842 vellent
1084 811 1097 853 3
1121 793 1190 858 Q.
1217 790 1412 842 Teren-

125 867 244 915 tium
289 865 584 917 Culleonem
639 863 802 912 Patres
857 859 1101 924 jufferunt.
1150 860 1233 909 Ad
1280 860 1411 909 hunc

126 950 386 998 praetorem
408 971 422 994 ‚
441 933 566 982 adeo
597 934 805 980 amicum
839 929 1084 979 Corneliae
1108 927 1301 977 familiae
1319 965 1335 988 ‚
1355 944 1409 978 ut

126 1004 210 1066 qui
243 1001 416 1051 Romae
447 1016 693 1050 mortuum
732 999 1008 1064 elatumque
1043 996 1094 1045 P.
1126 996 1410 1063 Scipionem.

127 1067 240 1135 (est
268 1072 399 1120 enim
435 1086 492 1118 ea
531 1083 726 1135 quoque
767 1066 940 1133 fama)
976 1065 1210 1123 tradunt,
1247 1066 1410 1131 pilea-

129 1152 266 1198 tum,
299 1137 417 1186 ficut
446 1140 493 1185 in
532 1135 778 1202 triumpho
809 1136 928 1183 ierat
949 1170 964 1193 ‚
1002 1135 1049 1182 in
1081 1133 1247 1182 funere
1278 1151 1413 1200 quo-A

129 1222 224 1271 que
260 1220 373 1255 ante
402 1205 580 1254 le&um
616 1202 695 1252 isse
717 1240 731 1263 ‚
765 1203 1014 1251 memoriae
1056 1201 1362 1267 prodiderint
1385 1237 1408 1261 ,

131 1276 187 1322 &
226 1274 287 1322 ad
322 1287 513 1337 portam
550 1270 804 1337 Capenam
841 1285 872 1335 9
903 1268 1106 1318 mulsum
1142 1267 1410 1335 prosecutis

127 1339 269 1389 funus
296 1340 472 1390 dedisse
490 1379 506 1399 ‚
527 1341 661 1405 quod
695 1339 753 1387 ab
792 1355 854 1387 eo
883 1339 1008 1386 inter
1041 1338 1158 1385 alios
1187 1340 1412 1404 captivos

126 1409 175 1456 in
202 1407 371 1457 Africa
401 1425 461 1458 ex
490 1406 699 1456 hostibus
729 1419 952 1472 receptus
984 1403 1136 1465 esset3
1167 1419 1247 1454 aut
1278 1405 1410 1455 adeo

128 1477 377 1525 inimicum
407 1476 635 1525 eumdem
654 1512 668 1535 ,
688 1489 739 1524 ut
759 1489 960 1540 propter
985 1472 1220 1540 insignem
1244 1471 1412 1522 fimul-

126 1558 279 1593 tatem
307 1545 368 1593 ab
401 1561 459 1593 ea
488 1543 694 1592 faffione
716 1580 730 1602 ,
755 1559 860 1608 quae
883 1540 1082 1591 adversa
1103 1540 1415 1607 Scipionibus

133 1627 271 1672 erat,
317 1611 525 1661 delectus
566 1610 620 1660 fit
663 1608 954 1676 potiffimum
998 1609 1059 1659 ad
1098 1608 1413 1675 quaestionem

130 1680 455 1729 exercendam
483 1698 498 1740 3
538 1681 752 1728 ceterum
786 1678 846 1726 ad
878 1678 1005 1727 hunc
1041 1679 1182 1726 nimis
1219 1694 1414 1743 aequum

128 1764 211 1796 aut
244 1749 459 1812 iniquum
499 1762 756 1811 praetorem
783 1783 796 1804 ,
837 1762 945 1795 reus
976 1745 1226 1811 extemplo
1258 1744 1410 1794 facius

130 1814 188 1864 L.
223 1814 386 1880 Scipio
411 1832 422 1863 :
447 1813 581 1863 simul
619 1814 671 1862 &
707 1814 864 1862 delata
896 1815 946 1862 ὃ(
981 1827 1180 1879 recepta
1210 1816 1414 1862 nomina

130 1883 399 1949 legatorum
447 1881 549 1947 ejus
596 1881 661 1931 A.
707 1882 759 1929 δι
799 1881 854 1929 L.
897 1881 1218 1929 Hostiliorum
1251 1878 1416 1930 Cato-

129 1968 249 2001 num
270 1988 285 2011 ,
321 1951 373 2000 &
397 1948 458 2000 C.
488 1950 617 2000 Furii
650 1949 918 1999 Aculeonis
950 1948 1330 2016 quaestoris:&‚
1361 1963 1418 2000 ut

192 2088 217 2129 8
238 2087 413 2143 Acceffio
441 2089 645 2142 invidiae.]
668 2088 738 2128 Al·
801 2101 887 2130 erat
908 2087 950 2130 in
981 2088 1156 2130 deliciis.
1175 2089 1237 2131 Eo
1265 2088 1416 2133 milites

128 2160 218 2192 tera
253 2152 407 2191 victima
434 2151 590 2191 invidiae
617 2151 658 2191 in
688 2150 734 2192 P.
801 2151 842 2191 in
861 2151 1063 2205 triumpho
1091 2153 1139 2192 ab
1166 2152 1416 2206 imperatore

102 2246 105 2249 ,
131 2213 365 2266 Scipionem
401 2214 649 2261 concitatae3
681 2213 740 2254 se·
803 2213 1070 2254 donabantur.
1100 2214 1158 2254 Ita
1188 2227 1239 2254 eo
1278 2227 1414 2255 exem-

133 2275 268 2316 cundo
304 2276 397 2316 loco
431 2275 611 2327 objeetus
642 2275 739 2315 invi·
804 2276 873 2328 plo
897 2275 936 2316 S(
962 2290 1075 2316 more
1098 2288 1180 2316 tum
1202 2275 1339 2317 Livius
1367 2274 1415 2316 fi-

133 2336 237 2383 diae,
278 2335 355 2390 qua
385 2338 494 2390 prior
531 2336 575 2377 P.
605 2337 741 2391 Scipio
805 2335 965 2392 gnificat
985 2337 1227 2379 Culleonem
1245 2337 1287 2377 in
1301 2337 1417 2378 Afri-

138 2398 422 2452 conssagrarat.
806 2399 892 2438 cani
948 2399 1091 2439 funere
1141 2426 1153 2445 ,
1215 2398 1417 2440 renovat&

196 2472 220 2512 9
242 2458 415 2512 Mulsum
442 2457 656 2514 prosecutis
676 2458 742 2514 fic-
806 2461 992 2513 triumphi
1009 2460 1096 2512 ejus
1111 2459 1326 2507 memoria,
1347 2462 1417 2502 ‹le-

136 2536 206 2562 nus
239 2521 393 2576 dediffe.
421 2523 438 2575 ]
477 2522 648 2562 Mulsum
688 2522 741 2562 est
808 2521 899 2562 disse
919 2522 1082 2563 mulsum
1103 2554 1115 2573 ‚
1136 2534 1202 2561 aut
1220 2522 1414 2577 triumphi

133 2583 250 2636 potio
269 2598 318 2623 ex
336 2584 432 2624 vino
450 2584 490 2624 &
507 2586 625 2624 melle
643 2595 742 2624 tem·
807 2585 1001 2624 imitatum
1043 2584 1329 2624 liberalitatem
1370 2584 1416 2629 ὃς

134 2657 300 2700 perata,
336 2660 422 2702 quae
455 2646 561 2702 apud
579 2658 742 2690 veteres
808 2647 1019 2704 imaginem
1049 2646 1128 2684 hoc
1156 2645 1309 2689 fecisse.

1039 2702 1210 2770 Bbvj
