1680 3052
288 127 643 185 L1BER
728 112 1074 182 XXXII.
1250 84 1391 179 δίι

39 202 166 259 levis
197 222 446 257 armaturae
479 219 580 253 erat
601 240 615 262 ‚
646 204 693 251 in
718 201 989 251 Chaoniam
1018 217 1100 266 per
1126 199 1323 266 Epirum
1341 214 1534 268 U,c‚553‚

43 277 106 325 ad
154 274 493 340 occupandas,
531 288 636 338 quae
690 270 751 318 ad
801 270 1118 335 Antigoniam
1160 268 1538 324 faucesa.e.199„

46 343 148 393 sunt
169 382 182 404 ,
221 342 243 410 (
269 343 413 392 Stena
443 353 623 389 vocant
650 338 810 388 Graeci
845 335 866 404 )
904 335 1043 385 misit.
1072 334 1179 400 Ipse
1215 337 1324 399 post

45 413 208 478 paucis
246 410 414 460 diebus
443 410 666 475 graviore
699 406 882 455 secutus
919 406 1111 471 agmine
1133 442 1146 462 ‚
1175 421 1325 469 quum

44 479 182 528 {itum
213 494 408 527 omnem
429 478 638 544 regionis
672 472 954 541 aspexiffet‚
987 473 1195 521 maxime
1215 471 1327 520 ido-

47 564 190 596 neum
224 546 283 595 ad
316 543 630 594 muniendum
657 542 822 592 locum
849 542 1053 591 credidit
1081 538 1176 590 esse
1199 556 1326 606 prae-

44 628 118 663 ter
151 630 346 663 amnem
382 612 587 662 Aoum:
628 613 665 659 is
693 612 816 660 inter
851 626 1078 669 montes,
1115 624 1325 675 quorum

1394 644 1527 695 Castra

44 681 242 731 alterum
270 681 508 748 AEropum
528 716 542 740 ,
568 679 771 728 alterum
794 677 1004 728 Asnaum
1031 677 1204 726 incolae
1226 694 1323 726 vo-
1335 707 1526 746 mmmm,

40 765 182 810 cant,
217 748 410 816 angusta
446 749 575 797 valle
607 748 742 806 fluit,
779 749 870 795 iter
920 748 1148 812 exiguum
1183 744 1464 823 superponst·

37 815 190 882 ripam
223 818 460 882 praebens.
485 814 700 865 Asnaum
720 814 1087 881 Athenagoram
1115 831 1224 862 cum
1250 815 1323 863 Ie-

37 887 87 933 vi
121 901 357 935 armatura
397 900 564 934 tenere
591 900 644 931 ac
678 886 981 933 communire
1010 880 1145 946 jubet
1175 896 1186 929 ε
1223 882 1324 948 ipse

36 951 87 1000 in
124 953 313 1019 AEropo
361 951 517 1019 posuit
566 950 731 1001 castra.
771 951 888 1017 Qua
935 948 1134 999 abscissae
1175 967 1321 1016 rupes

33 1035 205 1082 erant,
238 1021 376 1071 statio
416 1036 682 1087 paucorum
732 1034 1025 1068 armatorum
1072 1020 1273 1068 tenebat
1306 1036 1320 1068 ε

37 1104 144 1154 quae
175 1090 331 1138 minias
360 1103 461 1138 tuta
497 1103 661 1147 erant,
693 1088 784 1136 alia
819 1085 983 1148 fossis,
1024 1086 1114 1135 alia
1146 1088 1283 1136 vallis
1303 1124 1320 1148 ,

35 1157 127 1204 alia
174 1158 381 1206 turribus
424 1156 689 1205 muniebat.
729 1155 912 1223 Magna
957 1169 1320 1205 tormentorum

36 1225 182 1273 etiarn
232 1227 341 1286 vis,
377 1239 428 1274 ut
465 1222 709 1274 miffilibus
758 1223 930 1289 procul
971 1239 1189 1272 arcerent
1230 1225 1322 1272 ho·

37 1289 155 1341 stem
175 1329 189 1353 ‚
222 1294 409 1343 idoneis
432 1293 549 1342 locis
581 1288 804 1357 disposita
824 1289 891 1339 est
915 1308 928 1339 ι
951 1292 1317 1340 tabernaculum

36 1362 222 1427 regium
246 1380 333 1428 pro
365 1361 496 1411 vallo
515 1398 531 1420 ,
558 1361 607 1408 in
638 1358 895 1426 conspe&o
916 1361 1125 1408 maxime
1153 1375 1321 1408 tumu-

33 1426 84 1475 lo
111 1463 127 1486 ,
173 1443 224 1478 ut
263 1444 498 1478 terrorem
547 1426 799 1489 hostibus,
838 1426 1023 1495 suisque
1077 1428 1213 1495 spem
1253 1445 1315 1478 ex

33 1491 206 1544 fiducia
237 1495 419 1547 faceret
440 1535 454 1557 ‚
487 1495 713 1562 positum.

103 1561 193 1613 VI.
223 1562 405 1614 Consul
428 1582 516 1631 per
550 1562 835 1631 Charopum
867 1562 1104 1631 Epiroten
1136 1566 1316 1614 certior
1374 1578 1523 1632 confit

30 1627 176 1680 sacius
199 1670 214 1693 ,
249 1651 370 1700 quos
402 1632 543 1682 saltus
572 1650 681 1682 cum
707 1633 919 1683 exercitu
938 1631 1172 1683 insedisset
1195 1649 1278 1682 rex
1297 1658 1418 1691 ,mox
1454 1632 1519 1682 'a-

34 1698 87 1748 &
113 1698 210 1765 ipse
234 1719 382 1768 quum
411 1701 646 1766 Corcyrae
675 1699 992 1761 hibernasset,
1013 1717 1129 1750 vere
1155 1703 1313 1766 primo
1330 1706 1424 1756 dest,

29 1767 79 1816 in
119 1772 452 1824 continentem
489 1768 712 1832 trajefflus
737 1808 752 1830 ‚
800 1769 861 1818 ad
900 1768 1089 1818 hostem
1136 1771 1316 1818 ducere

31 1838 187 1903 pergit
221 1855 231 1885 :
266 1839 476 1904 quinque
509 1838 654 1886 millia
697 1836 850 1886 ferme
885 1838 945 1885 ab
985 1839 1127 1905 regiis
1158 1836 1316 1886 castris

33 1919 182 1967 quum
215 1904 390 1955 abesset
409 1943 423 1964 ‚
463 1906 575 1954 loco
600 1908 786 1954 munito
812 1905 982 1955 relifiis
1004 1901 1277 1972 legionibus
1301 1943 1321 1965 ,

32 1969 132 2034 ipse
182 1989 290 2020 cum
329 1971 563 2039 expeditis
614 1972 883 2041 progressus
924 1974 984 2021 ad
1028 1974 1317 2040 speculanda

32 2037 143 2086 loca
162 2077 175 2098 ‚
204 2039 411 2105 ‹postero
445 2042 523 2090 die
546 2040 792 2091 consilium-
822 2042 985 2090 habuit
1004 2080 1018 2102 ‚
1053 2043 1209 2090 utrum
1229 2060 1319 2109 per

33 2105 251 2155 inseffum
282 2110 340 2157 ab
373 2109 508 2158 hoste
538 2109 742 2171 saltum,
775 2126 1047 2176 quanquam
1075 2110 1214 2159 lab‘or
1248 2112 1321 2157 ine

31 2188 151 2240 gens
198 2176 559 2243 periculumque
612 2191 971 2244 proponeretur
1005 2215 1021 2237 ‚
1066 2176 1318 2226 transitum

33 2254 278 2304 tentaret3
319 2262 378 2292 an
410 2244 589 2295 eodem
622 2246 826 2305 itinere,
861 2263 959 2312 quo
986 2246 1149 2313 priore
1188 2262 1319 2294 anno

33 2307 270 2375 Sulpicius
316 2312 662 2361 Macedoniam
706 2316 999 2374 intraverat,
1039 2313 1323 2362 circumdu-r

36 2393 167 2427 teret
204 2381 386 2446 copias.
425 2381 536 2428 Hoc
584 2381 832 2430 confilium
870 2398 954 2446 per
997 2382 1176 2430 multos
1216 2380 1323 2428 dies-

35 2447 243 2510 agitandi
285 2451 485 2497 nuncius
526 2450 662 2498 venit
687 2487 702 2509 ‚
747 2448 811 2499 T.
852 2449 1113 2513 Quintium
1144 2448 1322 2497 consu·-

33 2512 132 2561 lem
169 2513 372 2576 facium,
403 2515 720 2583 sortitumque*
741 2520 1043 2584 provinciam
1068 2515 1318 2565 Macedo-

33 2581 199 2643 niam,
236 2598 473 2634 maturato
505 2587 674 2634 itinere
709 2585 806 2650 iam
854 2584 1128 2650 Corcyram
1165 2581 1321 2648 traje-

34 2646 161 2701 ciffe.
206 2650 429 2702 Valerius
475 2653 650 2705 Antias
684 2652 871 2705 intrass'e
902 2652 1076 2769 girum
1111 2651 1322 2702 Villi-um

980 2738 1012 2772 V
