1680 3052
229 118 276 175 1„
318 132 341 174 1
385 131 420 173 B
466 130 502 172 E
548 131 590 172 R
669 113 1046 174 XXXIII.
1180 124 1297 192 141?

25 206 108 265 per
140 198 284 247 alium
319 194 507 245 immiffi
544 195 659 243 radii
696 196 860 243 locum
897 195 957 242 ad
991 194 1293 246 inferendam
1311 202 1509 265 U,c,555.²

27 283 215 321 manum
258 284 357 313 non
390 265 661 329 relinquunt
689 299 704 322 ‚
740 278 790 317 ut
823 265 1254 339 nequeprehendi
1277 269 1505 324 ,a.C.1<)7‹
1561 289 1572 299 ⁸

27 334 155 399 quod
183 334 392 381 trahatur
413 370 426 392 ‚
450 348 606 397 neque
636 331 791 392 trahi,
817 347 962 396 quum
995 342 1120 378 mter
1148 331 1195 379 se
1222 334 1298 379 in-

28 403 130 449 nexi
152 402 270 449 rami
301 400 545 449 vinculum
574 400 785 447 invicem
815 397 1062 463 praebeant
1082 435 1098 457 ,
1118 397 1261 463 possit
1284 416 1295 447 :

29 468 77 516 ὃ(
108 466 143 516 si
173 466 356 517 evulsus
389 465 513 516 forte
546 465 613 514 est
648 483 769 514 unus
790 501 806 525 ‚
837 481 926 514 nec
960 465 1056 514 loci
1090 466 1299 515 multum

30 537 174 601 aperit
197 573 211 596 ‚
241 536 293 584 &
328 534 471 582 alium
500 550 742 599 reponere
774 532 1003 598 perfacile
1041 530 1124 582 est.

50 606 54 608 ’
91 601 184 651 VI.
203 600 437 665 Quintius
464 601 661 667 postero
692 601 770 650 die
794 637 810 660 ‚
837 600 1018 649 vallum
1043 600 1199 649 secum
1220 598 1301 650 fe->

31 684 156 719 rente
187 670 370 730 milite,
396 683 447 718 ut
479 684 668 735 paratus
701 670 837 718 omni
867 668 980 717 loco
1013 668 1170 716 castris
1201 686 1302 735 po-

31 738 190 786 nendis
232 736 346 786 ess'et
377 774 393 798 ‚
434 735 702 805 progressus
744 735 989 784 modicum
1036 738 1125 785 iter
1158 775 1174 797 ‚
1218 736 1298 785 sex

31 804 173 854 ‘Ferme
198 805 346 854 millia
375 823 401 853 a
419 803 581 862 Pheris
607 820 754 870 quum
786 802 1071 852 consedisset
1089 841 1103 864 ,
1128 802 1301 869 specu-

32 874 170 921 latum
190 874 239 921 in
264 890 356 939 qua
386 887 522 939 parte
540 870 791 921 Thessaliae
820 870 962 920 hostis
991 869 1140 930 esset,
1160 872 1299 938 quid-

33 956 87 990 ve
120 955 308 1006 pararet
325 978 337 1000 ,
361 939 500 989 misit.
531 938 677 989 Circa
701 938 922 987 Larissam
953 955 1052 988 erat
1077 956 1161 988 rex
1183 958 1192 988 :
1217 941 1302 1007 qui

34 1011 198 1065 :ertior
218 1006 314 1073 jam
335 1007 481 1057 fae'tus
500 1046 513 1068 ‚
535 1006 814 1056 Romanum
836 1008 894 1055 ab
917 1006 1103 1055 Thebis
1125 1007 1299 1056 Pheras
1356 1018 1513 1063 Pheras

33 1075 225 1125 movisse
246 1113 260 1136 ‚
290 1075 487 1142 defungi
532 1076 888 1141 quamprimum
921 1074 973 1123 ὃ(
1003 1074 1102 1141 ipse
1138 1091 1297 1125 certa·
1311 1096 1468 1135 uterque

34 1145 155 1193 mine
196 1145 393 1209 cupiens
415 1181 431 1204 ,
468 1142 646 1191 ducere
691 1142 753 1190 ad
787 1142 974 1191 hostem
1007 1145 1166 1210 pergit
1192 1181 1209 1202 ‚
1249 1142 1512 1195 &exercitus

35 1227 229 1278 quatuor
258 1212 405 1260 millia
432 1209 535 1260 fere
564 1229 592 1259 a
619 1209 785 1259 Pheris
814 1209 973 1276 posuit
1000 1210 1161 1261 castra.
1181 1211 1301 1262 Inde
1317 1206 1441 1250 ’‘eni-‘⁸

35 1277 220 1344 postero
254 1279 329 1328 die
364 1295 510 1345 quum
540 1279 756 1344 expediti
788 1280 1029 1343 utrimque
1064 1280 1123 1327 ad
1160 1299 1309 1330 occu-

35 1347 215 1411 pandos
237 1346 372 1413 super
391 1347 560 1396 urbem
580 1346 790 1395 tumulos
811 1345 1138 1413 pr‘ocefl'iffent
1158 1386 1170 1408 ,
1203 1350 1309 1414 pari

35 1413 182 1463 Ferme
223 1415 480 1463 intervallo
526 1414 587 1462 ab
624 1413 740 1481 jugo
774 1451 789 1474 ‚
837 1415 969 1480 quod
1012 1418 1305 1481 capiendum

34 1494 160 1541 erat,
193 1499 339 1548 quum
375 1483 499 1531 inter
531 1481 578 1531 se
611 1481 856 1548 conspeffi
890 1481 1040 1532 effent
1069 1521 1083 1544 ,
1126 1486 1308 1533 consti-

34 1563 187 1598 terunt
217 1565 231 1609 ;
264 1552 465 1598 nuncios
509 1551 557 1598 in
598 1549 745 1598 castra
780 1550 993 1598 remissos
1025 1588 1039 1610 ‚
1073 1553 1153 1616 qui
1188 1552 1305 1619 quid

34 1615 307 1683 fibi‚quum
344 1632 516 1682 praeter
547 1617 679 1683 spem
710 1617 854 1666 hostis
889 1618 1160 1668 occurrisset
1185 1658 1199 1680 ‚
1233 1621 1309 1669 fa-

35 1686 248 1733 ciendum
273 1685 387 1735 esset
406 1723 421 1746 ,
446 1687 747 1735 consulerent
769 1722 783 1746 ‚
801 1687 951 1752 quieti
977 1689 1307 1752 opperientes.

35 1750 91 1800 Et
133 1753 216 1802 illo
259 1754 457 1819 quidem
503 1753 578 1803 die
624 1754 757 1803 nullo
795 1755 913 1803 inito
961 1757 1219 1804 certamine
1256 1759 1307 1806 in

35 1818 176 1867 castra
212 1824 427 1870 revocati
458 1821 579 1870 sunt.
609 1821 805 1871 Postero
841 1823 916 1873 die
950 1824 1072 1871 circa
1107 1823 1307 1873 eosdem

36 1888 242 1935 tumulos
279 1888 494 1955 equestre
525 1891 742 1954 praelium
769 1889 855 1938 fuit
880 1908 890 1938 z
919 1894 965 1938 in
1006 1909 1105 1957 quo
1142 1909 1170 1939 2
1203 1910 1308 1941 non

36 1955 283 2002 minimum
306 1956 585 2006 AEtolorum
622 1957 774 2024 operit
806 1959 923 2024 regii
950 1958 1135 2024 fugati,
1158 1976 1308 2025 atque

36 2022 81 2069 in
115 2021 259 2070 castra
295 2024 525 2090 compulsi
561 2025 682 2074 sunt.
715 2025 951 2092 Magnum
979 2026 1187 2091 utrisque
1215 2030 1312 2075 im·

36 2091 368 2155 pedimentum
405 2092 464 2139 ad
497 2109 599 2140 rem
627 2093 887 2160 gerendam
926 2093 1013 2141 fuit
1044 2111 1157 2159 ager
1180 2103 1315 2143 con-n'

37 2157 144 2206 litus
178 2158 353 2206 crebris
390 2159 635 2218 arboribus
656 2198 670 2219 ‚
702 2161 923 2226 hortique
942 2197 957 2220 ‚
979 2175 1029 2209 ut
1066 2164 1114 2209 in
1141 2161 1312 2211 subur-

37 2223 169 2283 banis
205 2225 325 2274 locis
351 2264 366 2286 ‚
401 2227 454 2275 ὃς
489 2226 721 2276 εοειι-ξὶειτει
754 2229 922 2276 itinera
955 2231 1173 2278 maceriis
1200 2268 1215 2289 ‚
1255 2230 1310 2280 δί

37 2291 312 2355 quibusdam
336 2294 454 2344 locis
487 2294 751 2344 interclusa.
781 2295 945 2361 Itaque
974 2299 1149 2362 pariter
1171 2298 1312 2345 duci-

38 2357 125 2414 bus
156 2359 401 2409 confilium
446 2361 536 2410 fuit
578 2362 845 2421 excedendi
881 2364 936 2411 e&
974 2366 1176 2430 regione
1207 2402 1221 2425 ,
1256 2365 1308 2415 &

40 2424 172 2476 velut
195 2443 253 2475 ex
286 2429 514 2494 praedifi'm
536 2466 551 2490 ,
573 2430 717 2485 ambo
737 2428 999 2480 Scotussam
1030 2433 1271 2498 petierunt
1290 2468 1312 2499 2

103 2587 126 2614 2
147 2575 241 2615 Non
258 2577 638 2622 minim1¹cmAEtolo-
703 2580 741 2622 id
777 2580 830 2621 est
849 2610 860 2628 ‚
895 2596 1036 2641 magna
1070 2596 1122 2626 ex
1153 2589 1309 2645 partej

40 2649 119 2682 rum
137 2637 271 2696 operd.
284 2638 303 2695 ]
318 2639 413 2681 Non
428 2640 638 2692 minimzkm,
703 2642 888 2688 maxima
1159 2651 1162 2654 ’
