1680 3052
220 128 574 186 LIBER
658 122 1026 190 XXXIII.
1175 143 1281 202 193

9 210 93 259 {uls
110 208 437 275 imponeretur
467 205 797 267 sermonibu33
827 222 939 252 nam
970 204 1486 270 diffimulabatU‚c,556.

29 295 127 343 pars
159 291 355 341 utraque
386 273 431 322 se
463 270 637 321 audisse
666 289 677 319 z
718 271 770 319 &
803 271 857 321 L.
890 271 1148 321 Cornelius
1168 311 1183 334 ‚
1211 273 1491 327 cuia-C.196·

3 332 11 366 ὰ
29 346 196 410 legatio
216 344 276 391 ad
297 344 416 390 duos
441 357 578 407 reges
597 377 612 399 ‚
637 339 938 388 Antiochum
954 338 1293 389 Ptolemaeum„

5 407 113 478 'que
134 448 148 471 ‚
182 411 400 460 mandata
438 423 571 465 erat,
604 406 807 472 spatium
846 406 1028 455 modici
1058 411 1296 473 temporis

7 479 83 526 ad
114 477 512 528 conveniendum·
542 474 862 524 Ptolemaeum
901 475 1130 540 petebat,
1155 492 1181 522 2
1209 490 1294 536 ut,

31 546 288 612 priusquam
320 556 601 593 moveretur
628 542 809 608 aliquid
827 543 876 590 in
896 560 1027 591 nova
1045 540 1302 608 poffeffio-

4 631 6 634 ’
31 603 84 662 ne
116 616 248 681 regni
271 649 286 672 ‚
319 615 597 678 perveniret
624 612 672 658 in
702 610 1005 677 AEgyptum3
1039 612 1092 659 ὅ(
1116 609 1301 660 Antio-

32 681 138 730 :hus
185 681 312 730 suam
353 680 458 728 fore
502 679 807 745 AEgyptum‚
852 692 873 742 3
910 677 944 726 fi
974 692 1076 727 tum
1110 677 1303 728 occasio

32 747 170 809 esset,
201 746 437 798 censebat.
469 745 638 812 Itaque
669 744 863 794 dimiffis
892 745 1127 795 Romanis
1147 784 1161 806 ‚
1185 747 1304 796 reli-

32 815 196 882 stoque
225 815 429 865 Seleuco
460 813 561 862 filio
595 831 702 861 cum
726 812 1020 863 terrestribus
1054 816 1216 880 copiis·
1239 813 1303 863 ad

3 881 6 890 ’
33 882 388 942 restituendam,
409 898 460 930 ut
479 881 742 930 instituerat
760 920 774 942 ‚
796 880 1149 946 Lysimachiam
1169 900 1182 940 3
1200 881 1304 948 ipse

33 954 156 1002 omni
174 950 308 1000 claffe
325 953 553 1016 navigans
570 947 811 1014 Ephesum
830 988 845 1007 ,
869 950 1035 1016 legatis
1057 951 1117 998 ad
1136 949 1306 1014 Quin-

4 1048 6 1050 ·
34 1021 141 1069 tium
175 1018 348 1077 rniffis,
380 1035 412 1078 4
443 1020 524 1083 qui
557 1018 617 1065 ad
651 1016 798 1067 fidem
830 1018 890 1066 de
925 1018 1154 1068 societate
1185 1035 1305 1084 age-

3 1100 9 1132 ,’
34 1103 131 1137 rent
149 1124 164 1147 ‚
192 1105 327 1136 oram
359 1085 484 1135 Asrae
506 1086 673 1152 legens
692 1122 707 1146 ,
737 1087 962 1152 pervenit
982 1088 1030 1134 in
1063 1086 1304 1153 Lyciam:

3 1139 296 1222 Patarisque
332 1155 530 1221 cognito
567 1154 734 1203 vivere
776 1153 1125 1215 Ptolemaeum,
1163 1156 1305 1204 navi-

7 1237 9 1241 ·
35 1218 171 1291 gandi
205 1221 400 1290 quidem
433 1224 480 1270 in
502 1220 778 1288 AEgyptum
808 1221 1029 1270 omissum
1054 1221 1305 1274 confilium

36 1290 110 1340 est.
147 1289 371 1357 Cyprum
405 1289 709 1338 nihilominus
732 1289 938 1338 tendens
954 1327 968 1349 ,
991 1308 1138 1356 quum
1162 1288 1306 1340 Che-

35 1359 262 1407 lidonium
304 1359 693 1425 promontorium
737 1356 1026 1423 superasset,
1066 1359 1306 1425 paulisper

0 1413 4 1427 '
35 1425 259 1475 seditione
293 1428 529 1491 remigum
573 1424 639 1474 est
684 1439 893 1475 retentus
937 1428 987 1474 in
1015 1425 1307 1492 Pamphylia

35 1494 151 1542 circa
173 1493 594 1559 Eurymedontem
627 1510 838 1542 amnem.
873 1492 994 1543 Inde
1030 1494 1307 1561 profestum

34 1578 140 1610 eum
178 1577 197 1627 5
237 1561 297 1610 ad
321 1561 478 1626 capita
505 1559 650 1626 (quae
684 1576 866 1611 vocant
884 1560 904 1628 )
920 1561 1038 1611 Sari
1061 1563 1267 1612 fluminis
1290 1600 1307 1625 ,

34 1628 162 1679 foeda
191 1628 450 1695 tempestas
481 1629 656 1678 oborta
678 1646 832 1696 prope
868 1647 979 1678 cum
1007 1633 1141 1679 omni
1167 1630 1307 1682 claffe

34 1696 286 1757 demerfit3
317 1697 479 1746 multae
529 1714 676 1746 naves
710 1698 739 1747 6
777 1696 941 1762 eJeEtae
976 1716 987 1746 ε
1034 1699 1195 1747 multae
1241 1701 1309 1750 ita

34 1764 200 1814 haustae
230 1767 348 1814 mari
371 1802 384 1824 ‚
409 1779 460 1813 ut
478 1781 625 1814 nemo
646 1767 695 1813 in
729 1780 905 1814 terram
928 1769 1162 1817 enaverit.
1184 1766 1308 1816 Ma-

34 1849 126 1902 gna
167 1834 238 1885 vis
288 1832 541 1884 hominum
577 1833 643 1882 ibi
681 1835 892 1895 interiit,
930 1853 1030 1885 non
1067 1837 1309 1904 remigum.

97 1997 124 2026 2
148 1984 206 2027 Ut
220 2014 231 2034 ,
248 1984 513 2042 priusquam]
533 1987 635 2028 Haec
699 1986 894 2042 rigendae.
909 1987 1147 2030 Gronovius
1167 2001 1310 2031 emen-

35 2061 118 2088 non
143 2048 393 2088 existimanda
423 2048 510 2088 sunt
538 2048 638 2089 dieta
703 2050 770 2090 dat
788 2049 946 2090 ibidem.

35 2110 163 2163 palam
185 2123 205 2148 a
228 2109 450 2150 Cornelio:
474 2110 541 2151 sed
567 2124 639 2150 ex-

35 2170 211 2224 primunt
245 2170 448 2210 confilium
483 2199 495 2219 ‚
531 2172 640 2225 quod

37 2231 158 2271 tacita
183 2245 317 2273 mente
346 2232 449 2288 apud
481 2231 520 2273 se
548 2234 640 2275 vol-

36 2293 173 2334 vebat.

102 2364 124 2406 3
149 2353 198 2394 Si
221 2367 299 2395 tum
326 2355 476 2409 occafio
501 2353 640 2410 effet.]

39 2413 150 2468 Lege
167 2443 179 2462 ,
199 2416 238 2470 fi
261 2415 346 2470 usus
370 2417 568 2470 occafione
584 2414 644 2472 es·

37 2473 100 2531 set
116 2503 127 2523 ,
153 2487 221 2517 aut
237 2479 344 2518 aliud
359 2479 451 2532 quid
470 2479 611 2520 simile.

770 2122 786 2160 ς
814 2112 883 2151 Ad
908 2110 1064 2166 capita.
1085 2141 1097 2153 .
1113 2141 1124 2153 .
1158 2111 1266 2154 Sari.
1286 2113 1307 2167 J

703 2171 816 2212 Cave
833 2173 1034 2228 intelligas
1055 2174 1190 2216 fontes
1209 2189 1219 2215 ε
1243 2175 1310 2215 sed

701 2233 836 2288 potius
892 2236 1068 2277 tumulos
1119 2236 1311 2290 quosdam

703 2294 864 2337 fortaffe
885 2310 930 2336 ac
953 2310 1072 2351 rupes
1099 2297 1139 2337 in
1170 2297 1311 2338 littore

704 2358 755 2397 ad
785 2358 887 2397 Sari·
903 2358 997 2398 ostia
1016 2384 1028 2405 ,
1050 2359 1313 2412 quemadmo-

707 2423 797 2463 dum
848 2421 975 2469 Κυνὸς
1023 2419 1217 2477 κεφαλάι
1270 2424 1313 2467 in

705 2483 901 2525 Thessalia
917 2485 1004 2526 sunt
1016 2496 1172 2525 montes
1190 2495 1314 2540 atque

104 2550 132 2586 4
153 2536 234 2595 Qui
251 2539 431 2595 adfidem
450 2542 496 2580 de
511 2538 643 2595 socie-

0 2617 8 2633 ι
43 2610 125 2638 tate
142 2612 312 2656 agerent.
330 2601 344 2647 l
359 2602 441 2644 Vel
459 2601 641 2643 delendae

0 2672 18 2727 ς’
39 2659 103 2704 hae
117 2675 240 2705 voces
258 2661 435 2717 adfidem
449 2690 460 2712 ,
473 2665 644 2711 velcors

191 2726 318 2776 Tom.
354 2727 413 2778 V.
1081 2725 1117 2781 L

705 2546 863 2588 tumuli.

766 2605 792 2649 6
811 2607 968 2662 Ejec‘lae.
988 2604 1005 2658 ]
1041 2607 1087 2648 In
1116 2606 1249 2652 littus.
