1680 3052
311 116 668 178 LIBER
768 114 1099 177 XXXII.
1267 137 1344 196 79

60 201 205 256 &ibus
237 201 436 251 vallium
480 199 617 259 vias,
653 197 736 247 ubi
771 214 974 248 ventum
1009 200 1069 246 ad
1112 199 1234 247 hanc
1265 218 1348 248 ur·
1363 211 1554 265 U,c,553¹

64 261 183 323 bem
209 269 306 331 est,
332 267 534 335 repente
553 264 688 316 velut
709 268 850 314 maris
879 265 1000 314 vasti
1017 303 1031 326 ,
1058 265 1119 314 fic
1148 267 1558 322 immen·a.C.199.

0 334 1 378 l
64 340 114 390 sa
135 339 356 408 panditur
389 336 647 403 planities,
669 348 719 384 ut
747 331 988 399 subjectos
1019 351 1220 399 campos
1252 349 1353 384 ter-

67 411 252 458 minare
287 406 440 456 oculis
475 403 603 453 haud
641 401 783 452 facile
809 419 974 470 queas.
1007 415 1027 467 5
1067 400 1148 451 Ab
1179 418 1240 452 eo
1263 405 1353 451 mi-

66 476 232 527 raculo
265 473 532 523 Thaumaci
562 472 791 539 appellati
821 488 831 519 ε
863 487 954 524 nec
990 469 1242 519 altitudine
1269 469 1352 519 so-

68 544 170 595 lum
198 557 297 592 tuta
326 541 462 601 urbs,
482 540 564 590 sed
584 542 717 607 quod
745 540 775 590 6
797 537 910 589 saxo
933 539 1147 605 undique
1178 537 1351 587 abscis-

66 612 120 664 so
141 649 157 672 ‚
189 609 382 677 rupibus
420 607 643 675 imposita
671 607 754 659 est.
787 609 879 658 Hae
917 606 1255 666 difficultateS‚
1297 607 1351 656 ὃς

51 679 201 748 ,quod
237 678 363 728 haud
397 677 503 727 satis
535 677 731 745 dignum
764 678 885 726 tanti
914 677 1093 726 laboris
1131 675 1353 742 periculi·

64 763 160 815 que
192 748 400 813 pretium
438 760 575 806 erat,
619 760 672 795 ut
711 744 1189 810 abfisteretincepto
1226 741 1350 791 Phi-

61 816 220 882 lippus
239 854 253 876 ,
278 813 571 864 effecerunt:
595 813 749 864 hiems
778 830 973 881 quoque
993 811 1090 876 jam
1108 811 1312 861 instabat
1331 849 1349 871 ‚

61 901 210 951 quum
234 883 348 933 inde
385 880 601 932 absceffit
619 919 633 942 ,
664 883 716 933 δί
746 884 796 932 in
823 881 1176 932 Macedoniam
1208 882 1255 929 in
1276 879 1353 928 hi-

59 951 213 1003 berna
247 953 412 1017 copias
448 951 655 1001 reduxit.

129 1019 195 1068 V.
227 1019 298 1068 Ibi
331 1021 480 1068 ceteri
518 1018 716 1086 quidem
735 1056 749 1079 ‚
768 1033 800 1081 7
828 1017 941 1068 data
974 1032 1349 1086 quantacunque
1377 1027 1554 1086 Philippi

59 1088 221 1155 quiete
252 1089 522 1152 temporis,
551 1086 687 1136 firnul
725 1089 915 1136 animos
937 1104 1242 1154 corporaque
1274 1104 1460 1137 rte-cum
1515 1095 1552 1130 «ἕω

56 1155 301 1206 miserant.
351 1155 662 1222 Philippum,
701 1154 730 1203 8
774 1156 1007 1221 quantum
1051 1156 1111 1206 ab
1156 1154 1544 1204 affidujsanxietas

55 1224 304 1278 laboribus
369 1225 598 1274 itinerum
669 1240 1038 1290 pugnarumque
1097 1223 1347 1276 laxaverat

57 1294 243 1343 animus
277 1330 293 1353 ,
334 1292 472 1341 tanto
522 1291 673 1360 magis
712 1293 952 1342 intentum
985 1293 1034 1341 in
1066 1292 1347 1343 universum

56 1377 291 1411 eventurn
318 1360 436 1411 belli
468 1378 592 1409 curae
626 1375 837 1428 angunt;
866 1378 970 1411 non
995 1359 1155 1410 hostes
1184 1362 1344 1412 modo

54 1431 314 1481 timentem
341 1465 357 1490 ‚
397 1430 479 1495 qui
517 1428 645 1478 terra
685 1431 902 1497 marique
945 1429 1187 1497 urgebant
1212 1468 1228 1493 ‚
1256 1430 1346 1481 sed

53 1514 183 1548 nunc
219 1496 459 1546 sociorum
480 1535 496 1559 ‚
529 1514 658 1547 nunc
705 1499 853 1548 etiarn
896 1499 1208 1566 popularium
1243 1501 1349 1549 ani·

52 1582 163 1615 mos
183 1603 198 1627 ‚
233 1583 296 1616 ne
324 1565 468 1616 &illi
499 1565 560 1614 ad
580 1565 717 1632 spem
747 1568 969 1617 amicitiae
1004 1565 1348 1619 Rornanorum

54 1633 353 1694 deficerent,
387 1634 442 1684 &
466 1634 772 1685 Macedonas
795 1635 922 1702 ipsos
946 1636 1126 1703 cupido
1149 1654 1348 1687 novan-

54 1703 104 1752 di
136 1719 212 1753 res
248 1717 446 1770 caperet
479 1720 491 1752 :
530 1705 694 1770 itaque
726 1705 779 1754 &
815 1706 862 1753 in
885 1702 1123 1755 Achaiam
1155 1706 1346 1773 legatos

50 1769 208 1834 misit,
239 1770 375 1822 simul
408 1772 491 1839 qui
526 1770 864 1838 jusjurandum
901 1771 1006 1841 (ita
1043 1775 1173 1824 enim
1195 1777 1348 1841 pepi-

55 1854 262 1911 gerant,
286 1842 544 1909 quotannis
575 1840 814 1907 juraturos
837 1844 886 1892 in
911 1841 1063 1893 verba
1094 1841 1348 1912 Philippi)

52 1928 198 1968 oculos
217 1926 304 1982 ejus
330 1927 396 1984 qui
423 1942 495 1982 per
523 1928 664 1971 fauces

52 1987 142 2030 illas
171 1988 221 2030 ad
245 1991 384 2031 urbem
401 1989 664 2034 Thaumacos

55 2051 309 2106 pervenerit.

119 2125 140 2164 5
161 2112 225 2153 Ab
247 2127 292 2153 eo
321 2111 509 2155 miraculo
537 2114 663 2155 Thau-

50 2182 153 2224 maci
197 2181 407 2237 appellati.
428 2185 447 2237 ]
484 2178 664 2238 Θοιῧμοι

51 2243 159 2287 enim
181 2242 335 2287 Graecis
356 2242 597 2285 miraculum.

112 2306 139 2347 6
158 2305 270 2347 Saxo
290 2306 456 2360 undique
473 2303 633 2359 absciffo
648 2333 661 2354 ,

51 2367 208 2423 rupibus
237 2367 415 2423 impofita
444 2367 509 2418 est.
530 2370 544 2422 ]
564 2368 663 2411 Vox

52 2429 207 2483 rupibus
221 2430 316 2484 sapit
332 2428 518 2486 glossema
535 2429 660 2483 qnod·

54 2490 143 2531 dam
156 2491 332 2531 additum
349 2491 660 2544 interpretandis

61 2553 382 2608 praecedentibus
413 2553 567 2594 verbis.

115 2627 141 2663 7
187 2614 308 2656 Datci
356 2627 660 2668 quantacumque

47 2673 179 2740 quiete
219 2675 417 2733 temporis.
445 2677 467 2732 J
513 2675 623 2734 Lege
644 2703 658 2726 ,

727 1930 1023 1985 quanticumque
1037 1957 1048 1978 ‚
1063 1929 1104 1970 id
1119 1929 1190 1982 est,
1210 1944 1347 1987 quam·

726 1993 789 2035 vis
810 1993 946 2049 exigui
961 1991 1163 2048 temporis.

790 2055 815 2096 8
836 2053 1037 2115 Quantum
1054 2054 1102 2094 ab
1115 2051 1271 2109 affiduis
1283 2053 1345 2094 la·

727 2116 882 2158 boribus
901 2117 1081 2158 itinerum
1102 2130 1346 2172 pugnarum,

726 2194 798 2234 que
815 2180 1026 2220 laxaverat
1046 2179 1209 2219 animus.
1225 2181 1246 2233 ]
1263 2178 1343 2218 La·

726 2255 892 2282 xaverac
908 2240 1213 2295 intelligendum
1225 2239 1270 2293 Jc
1281 2240 1344 2279 la·

725 2316 917 2349 xaverat:
932 2316 976 2344 ut
992 2316 1145 2343 movere
1165 2316 1236 2356 pro
1252 2315 1340 2341 mo-

725 2362 1340 2420 verese,VII,14;&X,4.

725 2426 920 2468 Ceterum
954 2427 1058 2467 haud
1090 2423 1210 2480 paulo
1246 2424 1335 2467 ele-

725 2490 884 2544 gantius
931 2489 1039 2533 foret
1067 2515 1079 2535 ,
1127 2488 1340 2526 laxaverat

723 2567 846 2592 annus
863 2580 871 2595 ,
884 2550 922 2591 id
933 2550 1001 2595 est,
1017 2548 1108 2590 anni
1121 2546 1333 2600 tempestas

723 2628 806 2655 non
825 2612 902 2668 jam
921 2613 1031 2653 bello
1051 2609 1231 2667 gerendo
1244 2607 1336 2657 idoe

722 2689 816 2719 nea·

937 2729 990 2781 D
1014 2729 1065 2792 iv,
