1680 3052
219 94 265 153 L
310 112 335 152 ι.
373 108 410 151 Β
455 48 577 151 Eu
666 89 1074 151 xxxvn.
1192 91 1313 169 469

36 171 136 235 est,
165 178 342 225 duceret
369 174 593 240 extemplo
617 211 635 232 ,
670 174 716 222 6²
749 189 945 221 uteretur
978 175 1137 221 ardore
1176 176 1511 235 mili-U.c.562*‚·

38 258 130 290 tum
153 262 167 291 .·
191 246 271 310 qui
296 281 309 302 .,
347 257 574 308 tanquam
612 259 711 290 non
749 239 1058 308 pugnandum
1096 257 1206 288 cum
1238 255 1312 290 tot
1332 242 1513 291 Ι-(ὲ·190·

37 310 246 358 millibus
287 310 491 358 hostium
516 345 530 369 ,
561 309 642 358 sed
687 327 771 374 par
813 325 1038 356 numerus
1074 323 1309 371 pecorum

35 377 343 426 trucidandus
366 377 480 427 esset
500 415 514 437 ‚
539 394 624 442 per
647 375 786 424 foffas
807 414 821 435 ‚
845 393 931 441 per
961 374 1140 424 vallum
1163 373 1306 423 castra.

34 437 266 494 invadere
291 447 440 510 parati
471 459 603 494 erant
627 481 641 503 ,
659 445 692 492 fi
724 447 770 492 in
799 444 1013 509 praelium
1041 440 1185 490 hostis
1207 460 1308 492 non

35 511 207 560 exiret.
237 529 268 574 7
301 512 396 562 Cn.
429 511 675 561 Domitius
705 513 765 560 ad
799 511 1150 577 explorandum
1183 511 1272 558 iter
1291 546 1316 569 ,-

36 578 89 626 &
109 580 202 645 qua
232 595 364 644 parte
391 580 506 628 adiri
529 580 707 627 vallum
737 579 946 628 hostium
974 577 1128 644 posset
1148 614 1163 637 ,
1189 576 1312 625 mis-

35 644 108 694 sus
132 684 146 706 ,
179 647 497 715 posteaquam·
527 651 689 696 onmia
725 661 852 697 certa
881 647 1040 696 retulit
1060 684 1081 706 5
1113 643 1309 711 postero

36 712 116 761 die
146 717 343 781 propius
381 714 527 764 castra
559 716 813 764 admoveri
844 716 1020 781 placuit
1041 732 1057 773 3
1080 715 1222 762 tertio
1255 712 1316 762 fi-

37 797 133 848 gna
161 784 207 829 in
238 784 451 833 medium
482 786 637 847 campi
671 784 856 848 prolata
881 820 895 842 ,
917 783 970 831 &
1004 780 1162 830 instrui
1188 783 1317 831 acies

38 865 202 913 coepta
239 850 319 900 est.
360 851 463 899 Nec
505 851 773 899 Antiochus
821 850 942 898 ultra
990 849 1312 917 tergiversan-
1394 844 1516 915 'A‘cz'cs

38 916 154 964 dum
182 933 305 967 ratus
330 936 425 979 ,sne
455 919 505 966 &
529 920 719 967 suorum
752 921 937 966 animos
968 921 1206 967 minueret
1228 917 1514 975 deditumque

38 983 287 1035 meista-ndo
332 1003 609 1045 certamen,
650 986 702 1034 &
743 985 946 1034 hostium
983 985 1117 1051 spem
1166 969 1518 1052 auge-‘'ffirmn'

39 1066 146 1112 ret,
174 1063 216 1102 ὃς
243 1054 340 1119 ipse
370 1057 533 1118 copias
560 1054 754 1103 eduxit:
777 1054 804 1102 8
828 1055 1010 1102 tantum
1045 1042 1406 1120 progrefftls²“'‘

39 1136 67 1168 a
106 1121 261 1170 castris
286 1161 298 1182 ‚
334 1136 384 1171 ut
421 1123 755 1171 dimicaturum
795 1137 1063 1188 appareret.
1090 1121 1315 1171 Romana
1337 1123 1516 1165 Romana

39 1189 166 1237 acies
198 1192 333 1239 unius
366 1207 521 1256 prope
549 1191 715 1239 formae
748 1188 834 1238 fuit
856 1227 871 1249 ,
907 1191 957 1238 ὃ(
986 1189 1239 1239 hominum
1268 1191 1321 1240 &

43 1272 286 1304 armorum
329 1276 544 1326 genere3
575 1274 605 1323 9
644 1260 747 1306 duae
792 1258 1009 1324 legiones
1041 1256 1277 1307 Romanae
1304 1296 1319 1319 ,

41 1323 147 1372 duae
176 1322 351 1374 fecium
374 1345 429 1374 ac
450 1327 600 1375 Latini
629 1327 833 1375 nominis
860 1340 995 1374 erant
1017 1328 1190 1391 :quina
1213 1329 1321 1375 mil-

42 1391 104 1438 lia
129 1393 179 1440 &
210 1395 565 1460 quadringenos
601 1393 791 1461 fingulae
824 1393 1082 1443 habebant.
1111 1394 1321 1444 Romani

42 1459 256 1507 mediam
287 1464 441 1510 aciem
470 1501 486 1521 ,
515 1480 691 1511 cornua
725 1460 878 1509 Latini
909 1478 1196 1511 tenuerunt:
1220 1463 1323 1511 Ha-

41 1523 270 1576 statorum
295 1533 445 1596 prima
467 1530 593 1598 signa
616 1570 630 1592 ‚
655 1530 831 1580 deinde
856 1529 1129 1597 Principum
1152 1545 1319 1580 erant:

42 1591 216 1644 Triarii
244 1597 512 1663 postremos
544 1598 846 1648 claudebant.
870 1597 1013 1648 Extra
1037 1597 1159 1646 hanc
1181 1600 1325 1649 velu-

44 1664 80 1710 ti
101 1661 266 1727 justam
302 1669 454 1714 aciem
472 1707 486 1726 ‚
504 1687 528 1716 a
551 1683 686 1733 parte
707 1668 901 1715 dextera
922 1665 1084 1715 consul
1109 1666 1325 1716 Achaeo-

43 1747 150 1778 rum
185 1737 373 1782 cetratis
408 1735 639 1784 immistos
672 1736 919 1784 auxiliares
949 1735 1172 1783 Eumenis
1196 1773 1211 1792 ,
1235 1736 1326 1785 tria

46 1800 193 1848 millia
229 1800 384 1852 ferme
418 1805 637 1870 peditum
673 1841 687 1862 ‚
733 1803 918 1868 aequati*⁴
957 1802 1118 1851 fronte
1155 1801 1326 1851 instru-

44 1869 280 1918 xitzultra
307 1888 391 1920 eos
422 1875 638 1939 equitum
672 1872 825 1919 minus
860 1872 946 1919 tria
978 1870 1122 1919 millia
1158 1889 1327 1937 oppo-

44 1935 169 2003 suit,
203 1954 261 1986 ex
297 1940 465 2005 quibus
504 1940 731 1988 Eumenis
766 1938 1026 2005 offingenti
1057 1976 1072 1998 ,
1116 1939 1326 2004 reliquus

46 2007 204 2053 omnis
235 2010 470 2071 equitatus
502 2008 749 2063 Romanus
777 2023 900 2056 erat:
925 2022 1168 2055 extremos
1187 2006 1331 2056 Tral-

46 2068 118 2120 Ies
156 2073 208 2122 &
248 2072 504 2126 Cretenses
546 2077 964 2143 (quingentorum
1004 2076 1195 2141 utrique
1231 2093 1328 2124 nu-

109 2213 134 2249 7
160 2200 231 2242 Cn.
252 2201 471 2242 Domitius.
494 2201 512 2255 ]
538 2202 654 2241 Hunc

48 2258 273 2302 Domitium
307 2263 517 2304 Africanus
544 2264 653 2303 vices

47 2321 134 2362 suas
183 2324 295 2364 obire
338 2326 444 2378 apud
491 2326 654 2365 fratrem

45 2381 209 2436 jusserat
232 2415 241 2432 ‚
272 2400 442 2439 eumque
489 2385 652 2427 confilio

48 2444 188 2503 juvare
215 2474 224 2491 ‚
253 2448 342 2486 dum
374 2448 452 2500 ipse
488 2447 650 2488 abesset.

113 2507 136 2545 8
173 2507 339 2547 Tantum
384 2510 598 2564 progreffus
631 2524 654 2547 a

49 2568 181 2617 castris
201 2598 210 2616 ‚
242 2583 282 2608 ut
301 2570 564 2610 dim1caturum
583 2586 654 2625 ap-

39 2643 217 2684 pareret.
235 2631 252 2685 ]
273 2633 368 2673 Non
384 2631 539 2689 longi-cis
557 2647 655 2687 pro-

717 2200 874 2256 gressus.
914 2215 937 2241 a
989 2200 1118 2241 castris
1148 2228 1159 2247 ‚
1211 2203 1328 2255 quam

718 2275 909 2316 quantum
939 2262 1094 2302 necesse
1137 2274 1223 2302 erat
1247 2290 1259 2310 ,
1282 2272 1328 2303 ut

718 2324 995 2364 dimicaturum
1020 2334 1248 2377 appareret.

780 2398 802 2435 9
820 2386 922 2425 Dnae
940 2385 1111 2440 legtones
1125 2384 1324 2434 Romame,

719 2448 797 2488 (ἔκιε
826 2445 1034 2501 sechim-J
1071 2446 1178 2499 Lege
1200 2474 1210 2487 .
1245 2448 1326 2488 duae

718 2509 791 2547 alae
817 2506 981 2561 socizfm.
1010 2506 1189 2561 Legionis
1219 2508 1334 2547 enim·

719 2583 865 2609 nomen
901 2570 946 2608 ad
987 2568 1090 2607 solos
1121 2568 1335 2611 Romanos-

718 2632 897 2685 pertiuet
918 2646 929 2679 ς
953 2631 1022 2671 ulae
1041 2658 1052 2677 2
1074 2629 1121 2670 ad
1143 2629 1301 2675 socios«
