1680 3052
281 111 327 170 L
371 124 394 168 1
441 125 477 167 B
524 124 559 165 E
605 124 672 169 R.
731 103 1094 166 XXXVI.
1219 111 1333 186 415

54 189 472 256 ¹*t'sircumvenerant
499 229 513 252 ‚
541 207 689 256 quum
720 187 1008 248 inferrentur
1030 225 1043 244 ‚
1077 188 1333 237 demittere
1348 196 1537 246 U.c.56·1,

58 262 109 311 in
149 279 324 327 aquam
371 277 529 310 remos
572 258 630 306 ab
676 271 881 321 utroque
929 255 1079 303 latere
1128 254 1536 322 remiges-2·C.29³.

59 328 351 378 stabiliendae
381 329 515 376 navis
541 324 680 375 causa
700 322 856 390 jussit,
876 322 994 371 &in
1017 323 1334 372 advenientes

55 395 260 446 hostium
280 413 427 446 naves
448 394 625 444 ferreas
646 409 812 440 manus
838 388 1033 452 injicere
1050 427 1068 448 ,
1094 391 1146 439 &
1164 427 1178 448 ,
1201 391 1229 438 6
1252 393 1333 438 ubi

57 481 265 530 pugnam
307 462 514 531 pedestri
553 461 754 510 fimilem
795 456 974 509 fecisset
1007 494 1023 516 ‚
1065 457 1332 506 meminiffe

57 529 294 580 Romanae
336 533 517 578 virtutis
543 567 556 589 ,
594 546 683 576 nec
724 545 812 593 pro
846 527 958 574 viris
993 525 1168 574 ducere
1203 528 1334 591 regia

29 632 31 634 -
57 601 312 666 mancipia.
332 599 477 646 Haud
512 597 656 663 paulo
687 594 870 644 facilius
889 630 903 653 ,
923 592 1068 658 quam
1095 592 1203 642 ante
1224 592 1332 642 duae

53 683 198 716 unam
220 704 233 725 ‚
259 682 372 716 tunc
402 684 494 715 una
521 665 637 713 duas
668 679 817 712 naves
852 663 1149 728 expugnavit
1180 662 1333 724 cepit-

53 751 163 801 que.
186 733 246 782 Et
275 732 372 798 jam
405 732 565 782 claffes
595 747 790 798 quoque
820 730 1032 796 undique
1064 745 1331 778 concurre·-

52 816 191 860 rant‚
218 803 269 850 ὃς
309 800 476 868 paffim
510 798 741 867 permistis
775 798 975 847 navibus
1010 797 1329 863 pugnabatur.

55 867 298 919 Eumenes
328 907 342 929 ,
380 871 460 936 qui
495 883 737 917 extremus
776 863 1027 915 commiffo
1067 865 1331 914 certamine

52 937 316 986 advenerat
336 975 350 996 ‚
383 952 433 984 ut
468 935 802 985 animadvertit
835 934 1011 982 laevum
1048 935 1198 982 cornu
1231 933 1330 980 ho·-

50 1003 191 1054 stium
231 1006 290 1053 ab
328 1004 467 1053 Livio
510 1004 751 1052 turbatum
775 1039 790 1061 ‚
826 1001 1048 1050 dextrum
1083 1000 1215 1067 ipse,
1248 999 1330 1049 ubi

52 1090 188 1139 aequa
222 1090 383 1139 pugna
414 1086 514 1121 erat
535 1109 549 1132 ,
583 1070 784 1118 invadit.

117 1139 275 1189 XLV.
300 1139 407 1189 Nec
438 1141 502 1186 ita
521 1139 674 1186 multo
702 1135 806 1201 post
826 1173 840 1193 ‚
867 1136 1077 1201 primum
1103 1134 1163 1183 ab
1194 1133 1320 1182 laevo
1356 1133 1531 1178 Vincunt

50 1216 204 1256 cornu
241 1207 352 1275 fuga
381 1209 543 1272 coepit.
571 1203 897 1271 Polyxenidas
929 1206 1059 1253 enim
1096 1217 1148 1251 ut
1174 1199 1529 1250 virtu-Hormi·

48 1288 99 1325 te
126 1276 330 1324 militum
367 1275 495 1323 haud
527 1273 670 1322 dubie
701 1272 908 1338 superari
946 1271 993 1320 se
1028 1270 1150 1319 vidit
1171 1306 1187 1329 ‚
1210 1269 1327 1317 sub-

49 1343 158 1393 latis
202 1344 460 1392 dolonibus
507 1340 656 1391 effuse
704 1339 871 1407 fugere
914 1338 1122 1388 intendit
1160 1353 1172 1385 ι
1213 1354 1330 1386 mox

48 1411 181 1460 idem
218 1412 269 1460 ὅ(
303 1414 384 1477 qui
411 1427 566 1477 prope
599 1423 774 1458 terram
809 1425 919 1457 cum
956 1407 1174 1456 Eumene
1209 1423 1330 1453 con·-

49 1491 294 1529 traxerant
325 1493 567 1528 certamen
589 1515 604 1537 ,
633 1476 867 1527 fecerunt.
898 1474 1112 1524 Romani
1146 1474 1200 1521 &
1224 1471 1331 1521 Eu-

47 1562 218 1596 menes
240 1583 256 1608 ,
275 1547 439 1613 quoad
468 1544 681 1594 sufficere
706 1546 915 1611 remiges
953 1554 1214 1609 potuerunt
1238 1578 1252 1600 ‚
1274 1541 1329 1589 &

48 1614 98 1664 in
139 1614 219 1679 spe
263 1629 397 1663 erant
442 1615 645 1663 extremi
686 1614 885 1680 agminis
934 1609 1184 1667 vexandi,
1218 1607 1328 1657 satis

47 1683 355 1748 pertinaciter
388 1681 537 1730 secuti
567 1680 706 1738 sunt3
733 1677 1043 1746 posteaquam
1080 1676 1328 1725 celeritate

47 1751 244 1798 navium
267 1787 281 1809 ‚
313 1745 482 1815 utpote
520 1750 734 1807 levium,
758 1747 858 1796 suas
897 1758 1174 1795 commeatu
1203 1754 1330 1791 onu-v

44 1814 138 1866 stas
176 1817 304 1866 eludi
338 1816 504 1866 frustra
538 1817 797 1865 tendentes
828 1814 1088 1873 viderunt,
1123 1811 1324 1861 tandem

46 1883 366 1945 abstiterunt3
403 1885 632 1935 tredecim
673 1885 823 1949 captis
853 1882 1055 1932 navibus
1085 1897 1192 1929 cum
1230 1881 1327 1926 mi-
1354 1882 1357 1885 ’

43 1952 131 2002 lite
157 1971 210 2000 ac
236 1956 418 2020 remige
445 1991 459 2014 ‚
487 1955 657 2002 decern
688 1949 930 2000 demersiS.
951 1948 1186 1998 Romanae
1212 1945 1328 1995 clas-

46 2018 105 2068 fis
144 2039 236 2069 una
268 2020 446 2069 Punica
482 2022 616 2071 navis
643 2058 660 2078 ,
698 2020 746 2067 in
777 2020 935 2084 primo
967 2020 1226 2066 certamine
1264 2014 1324 2063 ab

45 2088 229 2137 duabus
270 2091 634 2148 circumventa,
664 2089 820 2151 periit.
858 2085 1183 2150 Polyxenidas
1223 2101 1325 2131 non

48 2157 208 2222 prius,
230 2156 374 2221 quam
403 2158 450 2204 in
477 2170 617 2222 portu
648 2153 821 2220 Ephesi
843 2191 857 2213 ,
879 2153 1003 2218 fugae
1035 2150 1181 2200 finem
1201 2149 1334 2199 ferit.

48 2239 82 2288 7
113 2222 326 2272 Romani
368 2240 429 2273 eo
476 2224 587 2281 die,
632 2222 759 2271 unde
799 2221 977 2288 egress'a
1013 2222 1146 2286 regia
1178 2215 1328 2267 classis

104 2334 129 2375 6
167 2334 247 2375 Ubi
280 2350 448 2389 pugnam
481 2335 648 2388 pedestri
709 2331 943 2386 manserunt.
977 2332 995 2386 ]
1032 2332 1210 2373 Videtur
1253 2328 1319 2369 hic

33 2395 201 2450 fimilem
227 2395 437 2450 fecissen]
470 2396 648 2437 Eruenda
711 2394 894 2436 excidisse
935 2407 1082 2434 nomen
1115 2392 1195 2432 loci
1229 2418 1239 2438 ,
1277 2390 1319 2430 in

36 2455 254 2510 feciffent‚
287 2472 430 2510 nempe
471 2457 661 2511 praefeffi'
711 2471 793 2509 quo
849 2455 1077 2495 manserunt
1131 2452 1321 2493 Romani.

45 2518 87 2559 &
115 2530 439 2573 propugnatores
471 2520 644 2558 navium.
711 2518 858 2559 Forsan
890 2516 1105 2570 legendum
1141 2513 1193 2554 est
1231 2509 1322 2566 Cys-

105 2593 130 2631 7
153 2580 322 2619 Romani
352 2594 395 2619 eo
430 2580 519 2624 die,
549 2581 648 2619 unde
705 2576 819 2633 sante
849 2606 860 2624 ,
897 2578 996 2617 unde
1026 2573 1183 2631 egreffa.
1221 2574 1321 2616 Vid-

45 2639 187 2696 egreffa
226 2641 332 2698 regia
362 2640 489 2696 claffis
528 2654 611 2681 erat
631 2668 645 2686 ,
712 2642 825 2694 supra
845 2668 856 2687 ‚
880 2652 916 2678 c.
944 2646 1014 2744 ἒς..

957 2725 962 2729 ·
1001 2712 1050 2746 IV
