1680 3052
155 249 351 312 U-9·557·

156 310 348 354 &2³95-

161 527 349 584 Gythium

153 604 308 645 captum
326 607 348 630 α

154 654 346 697 Romam-5

370 149 488 205 244
655 131 711 188 T
762 147 784 188 1
827 147 868 188 T
917 147 936 185 1
1021 131 1068 187 L
1113 148 1133 186 1
1177 147 1224 185 v
1268 148 1288 186 1
1337 146 1358 186 1

359 215 448 260 tim
487 225 654 270 metu,
690 226 770 261 aut
798 214 847 261 vi
884 212 1101 276 recepit3
1138 213 1314 259 certior
1356 211 1531 262 deinde
1569 211 1649 262 faa

362 279 489 340 clus,
522 279 767 345 Gythium
799 279 1037 344 oppidum
1057 280 1278 327 omnium
1298 280 1647 333 maritimarum

359 365 521 402 rerum
569 347 949 406 Lacedaemoniis
989 347 1349 412 receptaculum
1387 346 1513 406 effe,
1551 366 1642 405 nec-

358 416 533 481 procul
567 435 593 464 a
615 418 735 481 mari
760 412 907 463 castra
942 412 1169 463 Romana
1201 413 1387 475 abesse,
1419 417 1644 465 omnibus

358 484 408 531 id
449 487 600 550 copiis
639 482 836 551 aggredi
870 481 1129 532 constituit.
1167 480 1280 530 Erat
1318 499 1381 532 eo
1416 497 1643 549 tempore

360 553 519 605 valida
553 551 697 612 urbs,
734 551 785 599 &
822 550 1129 599 multitudine
1167 553 1347 599 civium
1382 568 1409 598 2
1455 552 1643 600 incola-

321 657 327 663 .
359 637 590 686 rumque,
629 619 680 668 &
705 619 841 667 omni
867 619 1041 667 bellico
1067 633 1297 684 apparatu
1331 617 1565 667 instructa.
1585 618 1643 670 In

354 704 579 754 tempore
600 686 808 752 Quintio
829 724 845 748 ‚
875 703 980 735 rem
997 687 1122 735 haud
1148 683 1337 736 facilem
1357 688 1645 754 aggredien-

354 758 424 816 ti,
461 772 545 805 rex
582 754 826 804 Eumenes
868 754 922 803 &
952 752 1101 807 claffis
1129 753 1440 804 Rhodiorum
1473 754 1643 822 super-

354 839 628 883 venerunt3
653 825 822 890 ingens
848 822 1109 872 multitudo
1136 823 1376 872 navalium
1399 823 1642 873 sociorum

357 910 387 942 e
423 892 573 942 tribus
618 890 862 940 commista
910 889 1128 939 clastibus
1163 893 1282 940 intra
1327 909 1508 957 paucos
1539 893 1642 942 dies

355 964 522 1010 omnia
556 977 664 1027 quae
695 960 755 1011 ad
780 962 1197 1026 oppugnationem
1222 959 1347 1008 urbis
1377 960 1503 1009 tertii
1535 978 1641 1008 ma-

351 1031 489 1096 rique
511 1031 706 1077 munitae
725 1027 945 1077 facienda
965 1044 1116 1094 opera
1138 1044 1273 1077 erant
1293 1065 1306 1088 ‚
1325 1026 1501 1077 effecit.
1530 1028 1639 1078 Jam

355 1112 379 1163 3
417 1095 732 1146 testudinibus
758 1096 964 1145 admotis
990 1114 1152 1145 murus
1172 1095 1483 1146 subruebatur
1506 1114 1517 1145 ;
1540 1095 1640 1160 jam

354 1166 580 1223 arietibus
610 1165 926 1232 quatiebatur.
951 1162 1120 1231 Itaque
1149 1182 1243 1214 una
1268 1164 1443 1214 crebris
1471 1164 1641 1216 istibus

356 1233 523 1284 eversa
549 1232 616 1283 est
640 1235 778 1289 turris
799 1271 814 1294 o
850 1233 1081 1300 quodque
1108 1233 1231 1282 circa
1252 1234 1374 1282 muri
1402 1248 1505 1283 erat
1522 1270 1537 1292 ‚
1558 1252 1641 1283 ca-

353 1302 403 1351 su
428 1301 531 1367 ejus
565 1301 850 1368 prostratum
883 1319 896 1353 2
923 1302 975 1350 &
996 1301 1209 1351 Romani
1238 1300 1374 1350 fimul
1411 1320 1437 1349 a
1463 1318 1639 1368 portu,

352 1372 484 1436 pnde
517 1372 672 1420 aditus
704 1372 893 1436 planior
930 1384 1032 1423 erat
1052 1408 1066 1430 ‚
1091 1388 1123 1430 4
1145 1385 1196 1417 ut
1230 1369 1556 1419 distenderent
1578 1371 1638 1420 ab

353 1441 595 1505 apertiore
618 1440 728 1487 loco
752 1436 908 1488 hostes
924 1476 939 1499 ,
963 1438 1098 1487 fimul
1124 1455 1208 1504 per
1228 1437 1519 1503 patefaciunt
1543 1441 1641 1488 rui-

354 1509 419 1557 na
452 1509 541 1557 iter
562 1510 827 1573 irrumpere
852 1507 1165 1556 conabantur.
1193 1505 1302 1555 Nec
1328 1508 1533 1555 multum
1557 1508 1642 1558 ab·

352 1575 442 1637 fuit
464 1614 478 1636 ‚
510 1578 624 1642 quin
648 1614 662 1635 ‚
688 1569 782 1642 qua
818 1577 1155 1636 intenderant,
1193 1590 1530 1641 penetrarent3
1556 1576 1639 1626 sed

353 1644 566 1694 tardavit
594 1646 831 1709 impetum
868 1661 1040 1694 eorum
1064 1643 1167 1710 spes
1192 1642 1378 1707 objecia
1404 1644 1640 1694 dedendae

353 1714 518 1773 urbis,
560 1731 676 1762 mox
709 1712 883 1761 deinde
921 1713 1095 1762 eadem
1132 1713 1332 1760 turbata.
1368 1710 1642 1780 Dexagori-

353 1781 438 1830 das
471 1779 819 1848 &Gorgopas
863 1783 964 1846 pari
998 1781 1203 1846 imperio
1239 1795 1474 1845 praeerant
1517 1780 1641 1832 urbi.

353 1848 698 1916 Dexagoridas
735 1847 923 1898 miserat
969 1849 1029 1898 ad
1076 1849 1288 1915 legatum
1321 1847 1601 1902 Romanum
1619 1886 1643 1916 2

353 1918 613 1966 traditurus
645 1917 813 1966 urbem
841 1934 850 1965 :
884 1917 934 1965 &
960 1935 1105 1983 quum
1137 1916 1198 1965 ad
1232 1933 1340 1966 eam
1375 1935 1476 1966 rem
1507 1933 1642 1966 tem-¹,

353 2003 444 2052 pus
483 1987 537 2034 ὃς
568 1987 691 2034 ratio
724 1984 1054 2045 convenisset,
1087 2004 1114 2034 a
1151 1983 1391 2051 Gorgopa
1418 1987 1640 2052 proditor

353 2052 667 2113 interficitur3
689 2053 1009 2120 intentiusque
1044 2053 1103 2102 ab
1133 2071 1231 2103 uno
1256 2055 1369 2102 urbs
1401 2054 1643 2105 defende-

353 2121 494 2175 batur
532 2139 544 2170 ;
579 2122 631 2172 &
668 2121 908 2172 difficilior
937 2121 1058 2172 facta
1090 2123 1394 2189 oppugnatio
1428 2137 1559 2184 erat,
1588 2123 1640 2186 ni

419 2259 446 2288 2
483 2245 723 2294 Incolarunz.
752 2247 768 2300 J
804 2249 964 2291 Nomen
1093 2259 1113 2301 3
1166 2246 1446 2303 Testudinibus.
1466 2247 1482 2300 ]
1536 2248 1642 2304 vid?

354 2307 491 2350 incola
521 2309 623 2363 saepe
659 2309 804 2349 dicitur
833 2311 882 2349 de
913 2325 964 2350 eo
1028 2320 1116 2350 not.
1141 2322 1156 2350 1
1182 2337 1192 2357 ,
1213 2311 1259 2348 ad
1279 2311 1306 2348 l.
1337 2322 1355 2358 5
1377 2338 1387 2357 ,
1412 2323 1448 2349 c.
1476 2322 1512 2360 ς.
1655 2313 1658 2318 ’

356 2373 588 2426 quicunque
619 2370 760 2410 incolit
786 2370 865 2412 fiae
892 2373 964 2412 ha·
1073 2385 1101 2422 4
1118 2370 1175 2411 Ut
1187 2371 1444 2421 distenderent
1464 2371 1512 2411 ab
1525 2387 1645 2427 aper-,5

355 2433 459 2478 bitat
499 2433 670 2485 aliquem
715 2434 865 2475 locum.
907 2433 964 2474 At
1028 2433 1228 2475 tioreloco
1241 2433 1398 2485 hostes]
1416 2434 1472 2473 Ut
1485 2434 1634 2488 hostes,

357 2493 530 2534 arctiore
551 2493 661 2533 sensu
681 2491 857 2547 designat
876 2508 966 2535 eum
1029 2496 1071 2534 in
1084 2494 1189 2533 varia
1202 2496 1292 2534 loca
1307 2495 1514 2548 dispertire
1528 2496 1637 2547 vires

356 2556 426 2609 qui
446 2569 526 2594 non
547 2555 585 2594 in
609 2554 677 2594 suo
695 2556 848 2596 habitat
863 2584 877 2601 ,
901 2557 968 2610 qui
1031 2556 1116 2596 suas
1135 2555 1295 2600 comoros
1310 2584 1321 2603 ,
1336 2568 1568 2596 averterent
1585 2559 1633 2599 ab

358 2631 446 2668 eam
490 2618 629 2657 urbem
668 2617 811 2664 incolit
851 2618 967 2677 cujus
1030 2631 1083 2664 eo
1099 2618 1193 2658 loco
1217 2618 1369 2671 quiper
1386 2618 1535 2659 ruinam
1548 2628 1637 2677 tut}

358 2678 458 2726 civis
492 2692 575 2721 non
606 2677 676 2723 est.
1031 2680 1084 2729 ris
1105 2679 1148 2726 ὃ(
1165 2680 1267 2727 muri
1284 2679 1464 2744 apertior
1482 2692 1586 2735 etat„
1651 2733 1666 2737 ,
