1680 3052
291 130 650 190 LIBER
738 123 1047 184 XXXw
1207 148 1320 206 φφ

36 220 209 266 imerus
251 214 446 279 exiguus
494 229 582 277 pro
619 209 758 275 copia
796 208 911 275 agri.
950 207 1074 256 Dari
1117 223 1530 277 potuereUc,559,

50 283 229 330 tricena
252 279 417 347 jugera
444 281 500 327 'in
530 277 719 345 pedites
738 313 756 334 ,
774 274 1010 342 sexagena
1040 276 1088 322 in
1118 279 1531 342 equites.a.C.r93.

51 346 252 412 Apu‘stio
280 347 473 396 auctore
496 384 509 406 ‚
540 347 677 395 tertia
714 361 821 410 pars
855 345 954 410 agri
984 343 1180 409 dempta
1219 343 1285 393 est
1305 382 1323 405 ,

51 416 148 482 quo
176 414 339 481 postea
358 452 373 475 ‚
402 414 437 463 s1
467 414 651 462 vellent
676 450 689 473 ,
720 430 880 461 novos
913 412 1117 460 colonos
1150 411 1327 461 adscri-

51 482 161 533 bere
201 481 405 548 possent.
440 481 627 530 Vicena
659 479 824 547 jugera
857 480 1083 546 pedites,
1117 479 1323 546 quadra-¹

0 605 2 615 ι
49 566 172 618 gena
207 552 391 617 equites
428 563 738 615 acceperunt.
909 597 912 600 ,

6 622 7 626 ’
117 616 179 666 Χ.
205 615 260 664 In
290 620 419 668 exitu
453 616 549 680 jam
582 635 731 665 annus
759 629 888 676 erat,
910 616 962 665 &
993 615 1191 664 ambitio
1211 633 1325 666 ma-

50 684 116 753 gis
149 684 293 750 quam
325 702 535 751 unquam
572 685 685 733 alias
727 684 961 733 exarserat
1000 684 1322 734 consularibus

50 754 253 802 comitiis
277 770 290 813 3
314 755 450 802 multi
488 753 539 800 &
573 767 798 819 potentes
834 753 1064 818 petebant
1088 790 1102 812 ‚
1135 755 1319 818 patricii
1336 756 1463 799 Multi
1487 759 1526 802 ὅ·

46 820 319 887 plebeiique
342 839 352 870 :
380 820 434 873 P.
462 818 722 870 Cornelius
747 819 843 870 Cn.
872 819 995 869 filius
1020 819 1185 888 Scipio
1204 858 1218 881 ‚
1239 825 1513 889 quipoteqtes

46 904 104 939 ex
127 887 355 954 Hispania
388 891 639 954 provincia
667 905 819 953 nuper
844 886 1104 937 decefferat
1132 892 1317 955 magnis
1333 883 1524 950 candida-

41 955 185 1004 tebus
223 955 363 1023 gestis
385 991 399 1015 ,
428 957 479 1004 &
512 956 567 1005 L.
600 957 830 1022 Quintius
865 955 1158 1005 Flamininus
1179 995 1196 1015 ,
1236 960 1316 1023 qui
1332 955 1362 981 ²¹
1384 941 1526 1016 2⁰²²stss

43 1021 168 1072 claffi
216 1026 264 1072 in
301 1022 490 1072 Graecia
539 1024 831 1090 praefuerat,
873 1024 927 1073 &
967 1023 1061 1074 Cn.
1103 1004 1455 1076 Manliusla‘m‘

43 1088 195 1140 Vulso
220 1109 230 1140 :
254 1092 303 1139 hi
333 1093 545 1157 patricii:
567 1092 747 1158 plebeii
778 1105 937 1141 autem
960 1129 975 1153 ‚
1012 1091 1073 1142 C.
1107 1093 1277 1142 Laeiius
1302 1132 1318 1156 ‚

46 1155 142 1208 Cn.
187 1157 473 1220 Domitius,
513 1158 575 1209 C.
614 1159 775 1209 Livius
816 1159 1051 1209 Salinator
1080 1197 1094 1220 ,
1124 1161 1323 1211 Manius

41 1227 260 1287 Acilius;
290 1226 371 1276 sed
405 1230 621 1277 omnium
654 1228 782 1276 oculi
816 1230 864 1275 in
893 1226 1154 1292 Quintium
1188 1227 1320 1278 Cor-

41 1296 318 1361 neliumque
359 1294 596 1359 conje&i;
632 1312 745 1344 nam
786 1296 838 1344 ὃς
873 1295 920 1344 in
958 1313 1105 1344 unum
1146 1296 1313 1347 locum

42 1363 274 1429 petebant
304 1364 448 1412 ambo
486 1366 709 1429 patricii,
739 1363 790 1411 ὅ(
815 1364 885 1412 rei
915 1364 1128 1412 militaris
1158 1364 1314 1431 gloria

42 1447 210 1480 recens
242 1443 500 1497 utrumque
535 1430 925 1480 commendabat.
945 1430 1180 1481 Ceterum
1200 1448 1315 1484 ante

43 1500 206 1548 omnia
237 1514 481 1547 certamen
515 1498 842 1548 accendebant
875 1498 1043 1548 fratres
1080 1501 1315 1549 candida-

41 1578 236 1626 torum,
269 1566 366 1615 duo
397 1565 631 1615 clariffimi
668 1568 816 1616 aetatis
849 1565 940 1616 suae
975 1569 1315 1634 imperatores·

45 1633 210 1700 Major
254 1635 404 1701 gloria
438 1633 674 1701 Scipionis
713 1653 723 1683 :
763 1636 813 1683 ὃς
856 1636 952 1701 quo
1005 1634 1161 1700 major
1197 1674 1212 1697 ‚
1250 1638 1317 1686 eb

50 1717 71 1768 3
112 1704 310 1768 propior
341 1703 531 1752 invidiae
565 1721 574 1751 ε
609 1701 800 1768 Quintii
835 1705 1108 1762 recentior,
1141 1717 1192 1752 ut
1233 1707 1317 1770 qui

45 1786 106 1820 eo
136 1788 262 1820 anno
301 1769 646 1837 triumphasset.
679 1771 964 1820 Accedebat
985 1808 998 1831 ,
1027 1772 1159 1837 quod
1195 1773 1320 1822 alter

42 1837 283 1887 decimum
316 1837 414 1904 jam
447 1856 601 1905 prope
638 1856 813 1888 annum
841 1837 1044 1887 affiduus
1079 1841 1127 1887 in
1161 1842 1317 1890 oculis

42 1905 294 1954 hominum
326 1906 518 1969 fuerat3
558 1924 592 1968 4
628 1925 733 1975 quae
767 1924 841 1955 res
875 1908 1030 1955 minus
1066 1908 1318 1958 verendos

41 1990 246 2039 magnos
289 1973 510 2024 homines
549 1976 652 2041 ipsa
691 1974 907 2024 satietate
947 1973 1060 2023 facit
1096 1992 1107 2023 ι
1149 1975 1315 2025 consul

41 2042 214 2091 iterum
261 2041 365 2108 post
407 2041 647 2094 devic'tum
676 2041 973 2093 Annibalem
998 2079 1013 2103 ,
1048 2042 1320 2110 censorque

105 2170 316 2228 3Prop1'or
330 2173 521 2228 invisum]
538 2174 641 2216 Scri·
706 2177 775 2216 dos
794 2189 950 2230 magnos
968 2172 1175 2228 homines]
1197 2172 1320 2229 Adii·-

38 2236 100 2290 pti
130 2235 295 2275 suadent
315 2237 526 2290 legendum
547 2264 558 2283 ,
581 2236 644 2277 in·
707 2251 802 2279 cere
834 2237 966 2290 potuit
998 2236 1136 2277 Livius
1158 2265 1174 2287 ,
1206 2236 1321 2291 quod-

39 2296 199 2340 ridiam.
220 2297 322 2337 Sane
340 2296 390 2337 fic
409 2308 510 2338 amat
535 2297 644 2352 loqui
707 2298 901 2339 Valerius
923 2298 1036 2338 Max.
1057 2297 1219 2339 testatur
1239 2325 1250 2345 ‚
1285 2299 1321 2339 1.

42 2358 183 2399 Livius
201 2386 214 2407 ,
234 2360 262 2399 1.
284 2359 300 2399 1
324 2386 335 2406 ,
355 2373 391 2398 c.
410 2362 461 2411 '25
488 2388 498 2406 ,
524 2374 648 2414 prope
709 2360 750 2401 ΙΙ
767 2388 779 2408 ,
799 2375 834 2400 c.
853 2373 879 2408 4
899 2373 912 2407 ;
933 2374 983 2399 eo
1003 2360 1217 2399 alienatum
1234 2357 1320 2400 effe

44 2432 182 2459 metum
215 2435 272 2459 res
310 2419 460 2473 fuerat.
494 2420 543 2460 Et
571 2421 647 2460 ibi-
710 2436 732 2461 a
755 2422 944 2475 Scipione
977 2420 1085 2474 vulgi
1114 2421 1282 2460 animum
1301 2445 1321 2470 9

46 2481 132 2520 dem
155 2508 164 2525 ‚
207 2481 365 2534 propius
402 2482 559 2522 Albam.
592 2482 643 2523 Et
711 2481 817 2537 quod
853 2483 989 2522 anaor
1024 2480 1154 2521 fuisset
1187 2481 1323 2522 secer·

45 2542 74 2581 1.
99 2541 313 2588 XXVIII,
339 2556 375 2583 c.
403 2555 449 2594 15
474 2571 485 2592 ,
503 2548 649 2599 proxi·
713 2544 932 2585 nendiloca
950 2543 1177 2583 senatoriaa
1194 2556 1327 2596 popur-

43 2617 177 2642 mus...
199 2603 352 2653 hostem.
715 2607 755 2647 lo
774 2607 813 2646 in
834 2606 936 2645 ludis
966 2604 1199 2657 spectandis.
1217 2603 1325 2647 Vid,

106 2678 134 2714 4
169 2664 264 2722 Qua:
284 2679 343 2708 res
371 2665 496 2707 mimis·
519 2680 653 2709 veren-
717 2668 832 2724 supra
850 2669 876 2708 I.
897 2665 1086 2708 XXXIV
1105 2695 1116 2715 ‚
1142 2680 1179 2707 c·
1203 2676 1280 2720 542

934 2721 1062 2791 Nv}
