1680 3052
349 125 711 184 LIBER
797 123 1139 180 XXXII.
1274 141 1384 197 107

100 205 397 273 'existimemus
425 205 791 271 disceptationem
821 201 900 265 eſj'e
929 220 942 249 .-
971 221 1076 250 num
1102 203 1154 249 id
1178 203 1386 267 postula·
1402 219 1590 270 [λεῲ-4,

101 293 168 325 νει
189 274 346 340 facere
371 291 483 334 nos,
521 273 643 338 quod
660 287 749 320 tum
763 270 869 333 fieri
899 268 1141 333 nonpoffet
1163 270 1188 315 P
1213 274 1385 319 Penin-
1398 275 1589 330 &Cael-8.

94 343 206 410 sula
247 345 303 410 est
335 339 674 407 Peloponnesus
704 375 722 397 ‚
758 338 955 404 angustis
988 338 1136 403 Istlzmi
1160 335 1384 400 faucibus

102 412 352 461 continenti
377 411 640 467 adhaerens,
671 406 791 456 nulli
817 406 1017 472 apertior
1048 420 1184 468 atque
1215 423 1385 470 oppos.

104 481 258 529 tunior
275 515 293 537 ‚
333 479 464 544 quam
493 477 657 524 navali
679 513 696 534 ‚
715 475 849 523 hello.
871 475 926 523 Si
951 487 1126 521 centum
1151 477 1269 521 teffae
1297 493 1384 521 na-

102 565 183 598 ves
209 582 224 606 ‚
271 547 314 594 θ’
357 546 690 611 quinquaginta
735 544 926 592 leviores
966 556 1166 608 apertae,
1202 540 1247 588 6³
1288 542 1381 589 tri-

98 617 227 682 ginta
255 610 409 677 ffici
446 613 580 662 lembi
617 612 889 661 maritimam
931 627 1054 658 oram
1088 612 1296 676 vastare,
1333 610 1379 658 δ’

92 682 328 747 expositas
353 699 494 748 prope
523 682 571 729 in
606 681 714 745 ipsis
744 679 973 728 littoribus
1004 677 1134 726 urbes
1168 677 1381 744 coeperint

100 766 397 815 oppugnare,
436 750 485 797 in
520 751 873 797 mediterraneas
907 745 1091 810 scilicet
1126 765 1211 794 nos
1247 746 1379 794 urbes

95 819 362 879 recipiemus
383 819 409 867 ,Ρ
441 832 657 882 tanquam
702 836 792 865 non
830 816 1067 882 intestino,
1109 814 1154 863 ὃ»
1185 815 1378 862 harente

96 885 146 934 in
168 886 275 951 ipsts
295 884 537 950 visceribus
565 902 749 933 uramur
777 885 912 933 bello,
946 887 1098 950 Quum
1120 883 1239 931 terrai
1258 885 1377 931 [Va-

98 953 168 1001 bis
199 953 245 1003 δ’
269 955 604 1003 Lacedaemonii
621 990 638 1011 ,
673 954 789 1002 mari
817 955 1030 1001 Romana
1060 950 1208 1015 claffis
1242 969 1377 1017 urge-

94 1020 206 1070 bunt
223 1038 245 1080 ;
281 1023 399 1070 unde
438 1023 603 1088 regiam
624 1023 885 1086 societatem
903 1057 922 1078 ,
952 1020 997 1068 6³
1009 1021 1224 1086 praestdia
1257 1022 1375 1069 Ma-

94 1090 312 1138 cedonum
342 1090 572 1155 implorem
593 1089 620 1136 ?
642 1108 703 1137 an
723 1090 810 1154 ipsi
823 1088 982 1154 nostris
1008 1089 1143 1136 armis
1171 1089 1229 1135 ab
1260 1088 1377 1154 hoste

94 1159 305 1207 Romano
341 1158 588 1206 tutabimur
623 1158 782 1217 urbes,
816 1174 911 1222 quae
947 1157 1374 1223 oppugnabuntur?

94 1226 287 1293 Egregie
332 1226 450 1275 enim
486 1229 673 1291 Dymas
705 1226 852 1291 priore
886 1225 1006 1273 hello
1027 1225 1186 1291 sumus
1219 1227 1376 1274 tutati.

96 1295 225 1342 Satis
242 1295 544 1361 exemplorum
561 1294 690 1343 nobis
712 1294 873 1341 alienae
895 1293 1051 1341 clades
1063 1293 1263 1358 praebent
1287 1311 1299 1341 .·
1320 1312 1376 1342 ne

96 1379 351 1426 quaeramus
380 1364 751 1427 quemadmodum
787 1361 944 1410 ceteris
987 1362 1190 1426 exemplo
1218 1362 1375 1422 simus.

94 1431 288 1488 Nolite,
320 1433 429 1495 quia
457 1432 575 1479 ultro
607 1430 808 1478 Romani
834 1443 996 1491 petunt
1023 1430 1307 1487 amicitiam,
1326 1431 1385 1477 id

95 1499 219 1562 quod
248 1499 495 1562 optandum
523 1500 652 1547 vobis
674 1534 689 1558 ‚
724 1515 780 1545 ac
802 1497 982 1562 summa*
1018 1517 1099 1565 ope
1131 1499 1376 1562 petendum

93 1579 220 1625 erat,
241 1564 469 1633 fastidire.
508 1565 642 1616 ,Metu
675 1567 791 1614 enim
822 1566 1037 1614 videlicet
1071 1566 1289 1631 compitlfi
1326 1567 1376 1614 in

92 1633 250 1682 aliena
283 1650 430 1695 terra,
455 1636 562 1700 quia
584 1634 672 1700 sub
704 1634 862 1683 umbra
887 1635 1062 1684 auxilii
1093 1636 1220 1700 vestri
1254 1634 1378 1682 late-

91 1719 138 1750 re
174 1703 370 1765 volunt,
405 1704 453 1751 in
479 1701 742 1768 fhcietatem
775 1702 959 1768 vestram
992 1700 1292 1769 confugiunt,
1324 1717 1376 1750 ut

82 1771 308 1837 portubus
356 1772 508 1837 vestris
559 1771 838 1837 recipiantur
871 1807 886 1830 ‚
947 1786 998 1819 ut
1054 1772 1377 1819 commeatibus

88 1853 294 1888 utantur.
328 1839 467 1889 Mare
503 1840 551 1887 in
576 1842 787 1906 potestate
810 1839 976 1887 habent
1012 1857 1025 1887 ,·
1064 1855 1207 1887 terras
1236 1838 1377 1903 quas·

89 1923 275 1971 cumque
316 1910 485 1956 adeunt
511 1945 527 1968 ‚
571 1908 795 1973 extemplo
833 1907 1021 1956 ditionis
1049 1907 1144 1972 suae
1168 1905 1376 1971 faciunt.

93 1977 237 2040 Quod
258 1991 418 2044 rogant
434 2013 449 2034 ,
481 1993 631 2043 cogere
653 1974 835 2042 poffitnt
854 1994 868 2024 .·
888 1978 995 2040 quia
1022 1973 1264 2042 pepercff?
1286 1994 1375 2023 vo-

89 2043 190 2090 lunt
214 2079 230 2103 ,
263 2045 529 2093 committere
563 2064 644 2094 vos
663 2082 678 2103 ‚
710 2062 792 2092 cur
807 2045 1034 2110 pereatis,
1068 2063 1157 2092 non
1179 2046 1376 2110 patiun-

88 2124 178 2159 tur.
209 2112 336 2159 Nam
373 2114 495 2176 quod
525 2114 792 2162 Cleomedon
823 2111 952 2160 modo
973 2147 990 2169 ,
1026 2127 1245 2177 tanquam
1273 2129 1374 2159 me·—

86 2179 214 2227 diam
245 2179 290 2228 ᾆξ’
319 2181 571 2244 tutiffimam
596 2182 725 2230 vobis
756 2182 881 2230 viam
902 2180 1076 2245 confilii
1096 2217 1110 2240 ,
1145 2195 1196 2228 ut
1220 2179 1376 2244 quief-

87 2247 248 2295 ceretis
280 2248 631 2314 abstineretisque
658 2249 799 2298 armis
818 2286 833 2310 ‚
870 2249 1122 2314 ostendebat
1142 2266 1163 2306 ,-
1203 2266 1256 2295 ea
1280 2266 1373 2295 non

89 2316 239 2363 media
267 2352 282 2375 ‚
318 2316 406 2382 sed
449 2318 579 2365 nulla
628 2319 709 2366 via
754 2319 826 2383 est.
859 2317 1042 2365 Etenim
1073 2332 1370 2382 praeterquam

84 2382 211 2447 quod
243 2400 325 2433 aut
346 2386 617 2451 accipienda
638 2423 655 2444 ,
687 2401 769 2434 aut
801 2385 1089 2450 aspernanda
1117 2384 1248 2433 vobis
1270 2386 1373 2431 Ro-

91 2468 229 2499 mana
276 2452 476 2518 societas
530 2455 623 2520 est;
660 2455 773 2518 quid
807 2454 944 2501 aliud
979 2454 1114 2517 quam
1153 2449 1373 2516 nusquam

88 2518 241 2584 gratiti
271 2520 427 2586 stabili
455 2559 470 2581 ‚
522 2523 646 2570 velut
680 2522 757 2587 qui
799 2537 1001 2570 eventum
1042 2519 1376 2585 exspeffaveri-

90 2603 225 2643 mus,
269 2603 317 2636 ut
345 2587 547 2652 fhrtunae
593 2591 934 2656 applicaremus
972 2591 1116 2654 nostra
1152 2587 1340 2652 consilia
1364 2624 1382 2645 a

89 2656 251 2721 prada
283 2658 462 2710 victoris
494 2657 657 2710 erimus
678 2660 706 2709 ἓ
725 2658 888 2711 Nolite
908 2693 925 2721 ,
942 2656 1144 2735 fi„‘l¹²‘,⁷d
1171 2655 1381 2706 omnibus

987 2738 1031 2772 12.
1051 2739 1103 2790 v]
