1680 3052
300 94 413 157 [1
454 113 490 156 B
537 114 573 156 E
612 95 1191 157 n·xxxvr11.
1298 93 1410 176 ςει·

118 190 201 227 ‘ne
228 215 242 238 ‚
279 182 550 230 orationem
580 180 705 229 adeo
738 176 1043 244 magnificam
1076 180 1137 228 de
1165 177 1315 233 ,rebus
1348 180 1611 237 abU.c.565;

137 244 184 292 se
212 247 352 312 gestis
377 247 444 297 est
473 247 666 297 exorsus
689 284 702 308 ‚
731 260 783 295 ut
816 245 922 294 satis
953 245 1227 305 constaret,
1249 242 1610 294 nemi-a·C·137·
1668 289 1673 295 ,

137 328 252 360 nem
281 333 490 380 unquam
517 331 675 380 neque
703 314 872 363 melius
893 348 907 372 ,
937 329 1095 378 neque
1124 314 1283 361 verius
1310 315 1413 362 lau-

137 378 302 430 datum
332 382 441 432 esse.
466 382 764 432 Dicebantur
795 382 924 431 enim
954 380 1012 428 ab
1041 379 1216 429 eodem
1245 383 1410 430 animo

134 445 431 516 ingenioque
453 488 466 510 ‚
500 469 525 498 a
553 468 650 517 quo
682 448 811 517 gesta
850 461 985 498 erant
1023 464 1035 495 ι
1075 448 1129 496 ὅτ.
1166 448 1197 496 6
1225 451 1410 497 aurium

136 512 372 564 fastidium
403 519 567 567 aberat
589 555 603 578 ‚
643 520 754 583 quia
786 533 875 584 pro
913 515 1129 582 periculo
1163 551 1179 576 ‚
1220 531 1320 564 non
1359 518 1408 563 in

136 582 339 647 gloriam
362 623 375 644 ‚
396 585 742 635 referebantur.
1156 619 1162 623 -

204 650 282 699 LI.
301 651 503 701 Tribuni
539 653 692 719 plebis
719 667 753 715 7
786 665 955 703 vetera
982 651 1176 700 luxuriae
1209 650 1406 698 crimina
1419 655 1612 699 Tribuno.

135 714 547 781 Syracusanorum
579 721 887 769 hibernorum
912 757 927 782 ‚
956 719 1008 766 &
1038 719 1203 768 Locris
1232 717 1495 767 Plemi-rum
1533 721 1613 759 cri-

134 787 329 836 nianum
361 788 617 836 tumultum
640 825 654 846 ‚
674 805 819 853 quum
844 787 904 834 ad
932 785 1081 835 fidem
1109 782 1599 851 praesentiummiwio·

134 854 388 911 criminum
446 853 707 903 retuliffent
737 872 752 914 3
799 854 1138 920 suspicionibus
1200 855 1353 920 magis
1391 857 1500 914 ,²²⁶⁸

135 920 280 982 quam
311 924 600 989 argumentis
619 960 634 982 ,
665 923 880 989 pecuniae
911 936 1062 987 captae
1094 938 1231 970 reum
1263 939 1409 970 accu-

133 986 307 1036 sarunt.
338 992 509 1038 Filium
539 1005 720 1056 captum
740 992 840 1054 fine
866 992 1014 1056 pretio
1036 991 1292 1048 redditum,
1313 1009 1412 1043 orn-¹,

133 1055 347 1122 nibusque
380 1058 487 1105 aliis
515 1059 646 1107 rebus
671 1059 927 1123 Scipionem
946 1094 962 1114 ,
991 1072 1205 1123 tanquam
1241 1059 1287 1107 in
1309 1056 1410 1123 ejus

134 1124 269 1171 unius
306 1143 441 1173 manu
486 1143 586 1190 pax
618 1129 831 1174 Romana
868 1125 1117 1190 bellumque
1157 1123 1256 1189 effer
1291 1162 1305 1185 ‚
1349 1127 1409 1173 ab

131 1193 369 1240 Antiocho
410 1195 595 1242 cultum,
629 1195 906 1242 Diclatorem
941 1210 1038 1241 eum
1074 1194 1248 1253 consicli
1274 1230 1292 1251 ,
1318 1213 1409 1242 nort

134 1259 326 1325 legatum
357 1262 405 1309 in
428 1264 671 1326 provincia
688 1259 859 1324 suff:
881 1278 960 1309 nec
983 1262 1048 1307 ad
1079 1261 1222 1308 aliam
1246 1279 1333 1308 rem
1358 1262 1408 1308 εό

124 1327 370 1392 proftHum
390 1364 404 1386 ,
431 1328 566 1392 qua'nz
598 1344 647 1377 ut
674 1331 725 1377 id
750 1329 872 1392 quod
901 1327 1142 1392 Hispaniae
1164 1364 1178 1386 ‚
1204 1329 1375 1377 Gallice
1393 1366 1410 1389 ‚

129 1395 309 1442 Sicilia:
329 1432 346 1453 ,
376 1395 545 1458 Africae
566 1393 842 1462 jampridem
873 1394 1133 1460 persicasum
1163 1394 1262 1459 effit
1282 1433 1298 1453 ‚
1324 1398 1409 1444 hoc

129 1462 320 1511 Graeciae
346 1464 559 1527 Asiaeque
585 1463 629 1511 ὃ*
661 1464 866 1512 omnibus
894 1464 957 1508 ad
990 1464 1218 1512 Orientem
1249 1463 1411 1511 νεὼ-ὰς

127 1530 307 1595 regibus
350 1530 637 1596 gentibusque
679 1545 917 1597 appareret
940 1547 961 1588 ,·
1000 1548 1136 1578 unum
1187 1532 1410 1578 hominem

127 1611 269 1663 caput
304 1598 591 1662 columenque
620 1599 799 1664 imperii
823 1599 1023 1646 Romani
1053 1597 1132 1660 effe
1155 1596 1269 1662 :sub
1302 1616 1410 1646 um-

126 1665 210 1712 bra
235 1665 471 1730 Scipionis
506 1666 736 1715 civitatem
760 1666 987 1714 dominam
1027 1667 1164 1714 Orbis
1187 1678 1406 1719 terrarum

102 1736 111 1775 Ῑ
127 1733 266 1781 latere
289 1750 302 1780 ,·
323 1748 462 1779 nutus
493 1732 589 1798 ejus
622 1751 704 1798 pro
740 1734 927 1782 decretis
948 1734 1140 1781 Patrum
1165 1769 1180 1789 ,
1197 1751 1281 1798 pro
1314 1752 1404 1798 po-

123 1800 229 1867 puli
254 1797 383 1863 juffis
414 1798 508 1864 effi.
535 1799 564 1849 8
593 1799 794 1849 Infamia
822 1799 1047 1850 intz³fium
1069 1838 1084 1859 ‚
1103 1801 1285 1848 invidia
1312 1802 1407 1865 qua

126 1865 320 1932 possunt
351 1882 540 1932 urgent.
566 1865 882 1916 Orationibus
913 1870 961 1915 in
998 1868 1190 1916 noctem
1225 1869 1408 1933 perdu-

100 1933 210 1985 ,.-ξὶί5
232 1971 245 1993 ,
274 1948 303 1997 9
334 1933 548 1998 prodiffiia
578 1934 679 1984 dies
713 1934 816 1996 est3
845 1935 926 1983 ubi
957 1952 1012 1982 ca
1044 1938 1209 1996 venit,
1230 1936 1408 1983 tribuni

124 2002 178 2050 in
232 1999 412 2050 Rostris
465 2003 619 2068 prima
667 2003 775 2054 luce
831 2001 1167 2053 consederunt.
1214 2002 1405 2054 Citatus

188 2132 216 2174 6
247 2132 409 2173 Aurium
433 2133 632 2186 fastidium
663 2134 733 2174 ab·

127 2196 259 2247 erat.]
283 2196 371 2234 Nee
391 2195 634 2235 audientium
661 2211 732 2236 au-

858 2134 881 2175 8
903 2134 1078 2189 Infamid
1100 2135 1281 2176 intaflum
1301 2163 1312 2183 ,
1345 2136 1406 2176 in·

793 2196 950 2250 vidia]
974 2198 1108 2249 Quum
1134 2212 1215 2237 non
1246 2196 1405 2250 possent

125 2271 192 2298 tes
220 2256 531 2310 aspernabantur
550 2285 562 2301 ‚
595 2271 733 2310 grava·

124 2319 271 2358 bantur
315 2318 416 2355 rane
462 2317 732 2359 laudationem

126 2379 276 2433 abipso
292 2377 479 2430 Scipione
496 2378 563 2418 fibi
577 2379 730 2420 dietam.

187 2454 213 2491 7
249 2437 456 2479 Vetera...
504 2439 678 2479 crimina.
708 2441 727 2494 ]

101 2501 194 2542 ‚De
231 2501 289 2540 his
321 2501 658 2542 criminationibus
691 2503 731 2541 in

126 2562 358 2614 Scipionem
386 2561 469 2616 egit
502 2561 636 2603 Livius
669 2563 731 2603 su-

121 2626 195 2678 pra
222 2620 394 2672 XXLX,
420 2633 468 2677 19
489 2622 529 2667 ὅ(
556 2622 667 2679 seqq.

793 2258 992 2298 infamiam
1033 2259 1070 2299 ei
1104 2273 1294 2299 verorum
1328 2258 1405 2299 cri-

794 2321 942 2359 minum
989 2320 1211 2375 impingere
1240 2348 1250 2366 ,
1295 2321 1404 2360 invi·-

795 2381 896 2420 diam
943 2380 983 2420 in
1029 2395 1119 2421 eum
1162 2382 1401 2423 concitant:

795 2442 902 2495 quod
922 2453 964 2482 ut
983 2441 1139 2495 possent
1159 2443 1231 2483 viri
1251 2443 1401 2498 magni·

795 2504 893 2542 tudo
927 2503 1116 2543 faciebat.

855 2576 880 2614 9
930 2562 1115 2603 Prodifza
1168 2564 1248 2605 dies
1294 2565 1398 2620 est.]

792 2624 892 2669 Vici.
914 2635 999 2665 not.
1022 2637 1046 2663 2
1066 2653 1076 2669 ‚
1099 2626 1145 2664 ad
1169 2627 1260 2675 111,
1288 2640 1358 2680 57.

1022 2681 1059 2730 B
1077 2683 1107 2732 b
1144 2682 1190 2750 iij
