1680 3052
233 124 280 181 L
324 139 344 178 1
392 137 426 178 B
473 136 508 177 E
549 137 590 178 R
670 118 1076 179 XXXVII.
1207 137 1331 197 457

51 199 183 253 diem
215 202 402 252 classem
431 200 550 250 stare
569 201 629 250 ad
645 200 842 249 insulam
866 198 1052 249 Macrin
1070 237 1084 260 ,
1111 200 1163 249 ὅ(
1184 204 1536 273 p÷1t11<*2U,c‚5(,2‚⁴

50 272 162 319 ante
191 271 311 319 visas
347 269 574 337 quasdam
609 270 799 318 moveri
823 281 1050 334 tanquam
1084 269 1145 316 ad
1169 271 1331 334 profe-
1345 284 1532 329 a.‹.,.190.

56 337 268 386 &ionem
302 355 466 386 naves.
501 336 574 386 Re
605 336 754 384 subita
784 336 1025 401 perculsus
1051 352 1227 401 praetor
1250 354 1333 386 tu-

53 402 233 454 bicines
269 421 440 453 canere
474 403 611 469 jubet
629 441 644 462 ,
669 419 721 452 ut
742 401 774 451 fi
802 407 880 468 qui
918 422 1005 469 per
1023 420 1164 470 agros
1189 406 1335 468 palati

53 470 235 532 essent,
266 474 478 522 redirent
513 490 524 520 z
558 471 774 520 tribunos
803 473 851 519 in
888 472 1056 521 urbem
1096 473 1241 519 mittit
1274 473 1338 520 ad

53 540 305 605 cogendos
356 540 532 588 milites
583 538 839 603 nautasque
890 540 938 586 in
984 539 1152 587 naves.
1188 538 1339 588 Haud

53 604 187 655 secus
223 606 366 673 quam
404 609 454 654 in
493 608 749 672 repentino
783 606 1012 655 incendio
1037 643 1052 665 ,
1087 619 1166 654 aut
1195 607 1336 672 capta

54 675 210 740 urbe,
252 673 520 739 trepidatur
555 691 567 720 ι
604 675 706 722 aliis
742 676 790 721 in
825 674 999 722 urbem
1032 675 1336 723 currentibus

55 740 120 790 ad
148 740 254 790 suos
289 741 625 802 revocandos,
660 741 760 789 aliis
793 757 852 790 ex
884 742 1000 790 urbe
1026 757 1174 789 naves
1201 741 1336 791 cursu

0 835 1 854 ι
55 809 387 875 repetentibus
419 826 430 856 ι
464 807 748 875 incertisque
795 809 1083 857 clamoribus
1119 807 1336 876 (quibus

54 875 168 941 ipsis
187 877 310 925 tubae
337 875 670 942 obstreperent
691 876 712 942 )
737 877 933 925 turbatis
960 878 1173 942 imperiis
1193 913 1208 937 ,
1229 891 1340 926 tan-

59 945 172 993 dem
205 943 486 992 concursum
520 944 581 992 ad
613 961 762 993 naves
801 942 886 992 est.
919 944 1019 992 Vix
1050 943 1178 992 suam
1203 945 1337 1011 quis-

57 1027 153 1077 que
193 1011 425 1069 noscere,
464 1027 543 1059 aut
572 1011 702 1061 adire
736 1028 833 1076 prae
869 1012 1074 1060 tumultu
1105 1027 1335 1077 poterat:

57 1079 447 1145 trepidatumque
482 1096 590 1127 cum
625 1079 843 1143 periculo
874 1080 928 1127 &
956 1081 1002 1128 in
1024 1082 1177 1139 mari,
1211 1081 1263 1129 &
1288 1083 1340 1131 in

59 1158 187 1196 terra
218 1146 379 1208 foret,
413 1147 461 1194 ni
497 1146 710 1212 partibus
754 1145 913 1196 divisis
932 1183 947 1206 ,
977 1147 1195 1197 AEmilius
1227 1165 1341 1199 cum

57 1217 286 1280 praetoria
317 1231 443 1263 nave
488 1216 666 1280 primus
708 1230 735 1263 e
765 1227 908 1280 portu
948 1214 996 1261 in
1032 1215 1180 1264 altum
1214 1232 1340 1266 eve-

57 1281 193 1342 ἂιιε,
227 1284 471 1348 excipiens
502 1281 804 1348 insequentes
845 1281 929 1331 suo
964 1299 1205 1348 quamque
1252 1302 1341 1332 or-

58 1349 172 1398 dine
204 1351 252 1397 in
285 1349 494 1399 frontem
523 1347 800 1398 instruxisset
821 1366 834 1409 ;
855 1348 1099 1399 Eudamus
1120 1349 1340 1400 Rhodia-

58 1433 156 1482 que
187 1416 336 1465 claflis
383 1416 679 1466 substitissent
725 1418 784 1465 ad
824 1431 1030 1477 terram,
1065 1431 1116 1466 ut
1154 1419 1206 1467 &
1237 1418 1338 1469 sine

57 1484 381 1549 trepidatione
418 1485 800 1534 conscenderent
819 1523 834 1545 ,
869 1486 923 1534 &
944 1498 994 1533 ut
1020 1503 1222 1552 quaeque
1251 1505 1342 1551 pa-

57 1567 161 1601 rata
198 1550 313 1601 esset
345 1554 497 1602 exiret
535 1555 686 1603 naviS.
721 1552 792 1602 Ita
828 1553 881 1602 &
912 1554 1186 1618 explicuere
1209 1554 1342 1603 ordi-

58 1635 173 1669 nem
200 1622 366 1685 primae
393 1622 439 1668 in
473 1620 729 1686 conspeRu
751 1621 965 1686 praetoris
988 1657 1005 1678 ,
1034 1622 1086 1669 &
1117 1620 1340 1671 cordium

59 1704 236 1754 agmen
269 1689 326 1736 ab
363 1687 665 1744 Rhodiisest
700 1705 710 1736 z
741 1687 1057 1754 instruGtaque
1095 1691 1222 1738 acies
1245 1705 1340 1739 ve-

56 1755 132 1804 <lut
166 1769 383 1804 cerneret
422 1756 611 1822 regios,
655 1758 703 1803 in
735 1757 883 1804 altum
930 1754 1174 1822 proceffit.
1206 1756 1341 1806 Inter

55 1821 393 1888 Myonnesum
415 1824 467 1872 &
489 1821 745 1890 Corycum
763 1826 1150 1890 promontorium
1173 1840 1340 1884 erant,

59 1907 208 1956 quum
249 1890 436 1939 hostem
471 1890 784 1956 conspexere.
815 1890 876 1940 Et
903 1892 1032 1958 regia
1056 1890 1207 1940 classis
1227 1929 1241 1952 ‚
1264 1893 1341 1941 bi·

59 1961 133 2007 nis
168 1961 216 2007 in
248 1959 468 2007 ordinem
501 1960 700 2009 navibus
727 1960 877 2026 longo
897 1961 1087 2026 agmine
1103 1962 1339 2022 veniens,

61 2026 117 2075 &
141 2026 238 2091 ipsa
269 2030 422 2075 aciem
451 2026 696 2075 adversam
718 2029 975 2092 explicuit3
1001 2027 1185 2075 tantum
1209 2028 1339 2077 laevo
1406 2080 1410 2081 ⁷

63 2094 232 2143 ενεξὶᾶ
261 2112 408 2142 cornu
430 2131 444 2153 ‚
475 2109 527 2142 ut
558 2093 779 2160 ampleffl
812 2094 862 2143 &
893 2096 1140 2143 circumire
1170 2095 1346 2144 dexte-

63 2178 170 2210 rum
205 2179 355 2210 cornu
379 2161 713 2211 Romanorum
744 2161 931 2228 poffet3
960 2163 1092 2227 quod
1122 2164 1202 2211 ubi
1236 2161 1344 2212 Eu-

64 2229 231 2282 damus
255 2265 269 2288 ,
299 2231 377 2295 qui
418 2231 623 2295 cogebat
655 2247 861 2297 agmen,
896 2229 1044 2290 vidit,
1077 2247 1176 2278 non
1207 2228 1341 2295 posse

66 2312 318 2364 'exaequare
359 2298 582 2346 ordinem
619 2296 901 2358 Romanos,
935 2298 987 2346 &
1022 2299 1207 2345 tantum
1240 2315 1342 2346 non

65 2361 166 2430 jam
200 2367 434 2413 circumiri
468 2384 494 2414 a
537 2365 707 2414 dextro
745 2384 927 2424 cornu,
954 2364 982 2414 8
1017 2366 1232 2413 concitat
1256 2381 1346 2413 na-

71 2449 199 2493 ves;
235 2431 329 2500 (δε
358 2447 493 2483 erant
531 2431 734 2484 Rhodiae
765 2450 915 2484 naves
950 2432 1096 2502 longe
1127 2435 1346 2484 omnium

69 2610 71 2616 v
129 2586 154 2627 8
191 2586 374 2627 Concitat
403 2602 519 2628 naves
541 2602 555 2635 ‚-
594 2585 613 2638 (
636 2587 673 2628 e>
737 2596 849 2642 grata
869 2583 1058 2639 repetitio
1078 2583 1146 2624 est.
1164 2583 1273 2626 Dele
1286 2582 1347 2626 ul·

65 2659 182 2696 ‘rant
209 2647 372 2692 Rhodiae
404 2649 574 2706 navem]
607 2649 676 2694 In·
738 2649 876 2692 timum
891 2647 988 2690 illud
1010 2659 1146 2689 naves·

214 2714 340 2762 Tom.
378 2716 436 2764 Vs.
1017 2701 1070 2772 V]
