1680 3052
223 117 587 174 LIBER
672 114 1034 172 XXXIV.
1166 119 1271 177 261

37 197 127 249 nde
149 196 207 245 ad
230 198 413 246 bellum
446 195 732 260 Spartanum
755 194 1000 261 profeftus
1035 213 1162 256 erat,
1191 217 1276 247 co·
1291 217 1481 266 [χρῆ-7,

20 269 101 316 aias
130 265 335 314 reduxit.
373 263 517 322 Sunt,
558 265 638 329 qui
676 280 774 310 non
804 281 863 312 ex
903 264 1093 328 oppido
1130 265 1481 329 profi-a,C.195.

33 332 260 382 iscentem
313 332 496 381 bellum
542 328 722 397 geffisse
762 344 1022 397 tyrannum
1058 333 1275 390 tradant,

29 400 85 451 ed
142 399 296 448 castris
336 398 563 447 adversus
610 397 832 446 Romana
887 396 1031 446 castra
1069 398 1276 465 positis:

25 468 181 534 <linque
231 466 499 516 cunctatum
535 502 549 524 ‚
604 484 751 532 quum
791 465 1062 513 AEtolorum
1106 468 1279 516 auxilia

24 534 337 602 exspectasset,
375 533 591 582 coactum
624 534 683 581 ad
714 548 981 582 extremum
1017 536 1118 582 acie
1151 552 1279 583 con-

27 604 202 670 ligere,
243 605 428 667 impetu
449 603 496 649 in
532 602 836 665 pabulatores
866 599 973 649 suos
1011 603 1070 648 ab
1092 601 1278 651 Roma-

26 673 78 720 nis
110 668 234 718 facio
259 706 273 729 ‚
309 687 368 718 eo
407 670 573 735 praelio
608 669 823 727 victum,
870 668 1118 734 castrisque
1160 687 1280 720 exuo

31 756 146 796 um,
195 755 368 803 pacem
401 735 567 802 periise
598 753 610 784 ε
641 754 787 802 quum
821 735 1094 785 cecidissent
1131 741 1279 804 quin·-

23 807 168 856 lecim
202 805 349 854 millia
378 805 616 864 militum,
650 818 787 870 capta
806 804 912 870 plus
944 820 1149 871 quatuor
1175 807 1281 855 mil-

23 876 74 923 ia
107 871 270 922 essent.

80 940 233 990 XLII.
271 939 459 988 Eodem
494 938 594 987 fere
627 952 851 1005 tempore
892 938 942 988 &
975 958 1000 988 a
1025 939 1088 990 T.
1122 941 1286 1006 Quin·-

21 1010 82 1058 tio
119 1009 179 1057 de
215 1010 356 1057 rebus
402 1008 461 1056 ad
503 1007 904 1056 Lacedaemonem
934 1007 1105 1073 gestis,
1142 1011 1193 1057 δε
1222 1011 1282 1059 ab

0 1076 89 1126 ¹M.
117 1076 288 1125 Porcio
321 1075 514 1124 consule
553 1092 612 1123 ex
651 1075 879 1140 Hispania
913 1076 1079 1124 litterae
1103 1078 1286 1138 allatae3

19 1144 248 1211 utriusque
279 1146 474 1193 nomine
519 1158 682 1192 ternos
723 1145 769 1191 in
805 1143 904 1191 dies
937 1142 1219 1209 supplicatio
1255 1165 1284 1199 a

17 1211 178 1262 senatu
213 1212 407 1260 decreta
445 1210 525 1260 est.
574 1209 627 1259 L.
678 1209 901 1260 Valerius
939 1212 1102 1260 consul
1135 1231 1284 1279 quum

17 1279 122 1347 post
159 1280 284 1328 fusos
319 1281 442 1326 circa
470 1278 686 1326 Litanam
707 1278 893 1344 sylvam
931 1278 1110 1341 Boios,
1142 1283 1286 1348 quie-

16 1363 112 1396 tam
159 1350 457 1413 provinciam
493 1345 752 1405 habuisset,
796 1348 1103 1398 comitiorum
1151 1349 1288 1399 causa

9 1414 227 1465 {Romam
274 1414 414 1463 rediit
449 1431 461 1461 ε
497 1416 550 1462 &
588 1417 769 1464 creavit
811 1414 1028 1464 consules
1068 1415 1120 1465 P.
1154 1416 1288 1467 Cor-

9 1483 198 1532 ·nelium
233 1482 511 1548 Scipionem
557 1480 841 1531 Africanum
877 1487 1083 1544 iterum,
1115 1485 1165 1534 ὃς
1203 1485 1287 1534 Ti.

6 1549 356 1617 *Sempronium
410 1550 650 1615 Longum.
701 1551 894 1599 Horum
930 1568 1087 1617 patres
1129 1554 1287 1619 primo

6 1636 148 1668 amno
173 1619 365 1668 secundi
382 1617 544 1666 Punici
569 1619 682 1666 'uelli
702 1619 920 1668 consules
938 1619 1142 1670 fuerant.
1166 1621 1288 1669 Prae-
1302 1638 1492 1684 Comitia.

21 1689 143 1735 toria
170 1687 283 1736 inde
310 1688 503 1735 comitia
535 1686 693 1734 habita
717 1724 731 1745 ‚
771 1689 915 1736 creati
947 1687 998 1737 P.
1033 1687 1291 1740 Cornelius

23 1753 218 1821 Scipio,
240 1756 290 1804 ¹&
319 1754 414 1803 duo
437 1752 532 1803 Cn.
560 1752 810 1815 Cornelii,
845 1755 1084 1811 Merenda
1109 1758 1160 1805 &
1183 1758 1317 1808 Bla-

22 1820 127 1881 fio,
165 1823 216 1871 &
250 1821 344 1872 Cn.
376 1821 624 1871 Domitius
671 1823 1056 1884 Ahenobarbus,
1094 1826 1144 1873 &
1181 1825 1295 1879 Sex.

23 1887 273 1956 Digitius,
321 1890 375 1938 &
423 1888 487 1937 T.
525 1888 784 1939 Juvencius
827 1891 1036 1940 Thalna.
1073 1892 1297 1948 Comitiis

25 1956 278 2022 perfefilis,
311 1957 472 2006 consul
496 1959 545 2005 in
580 1961 883 2024 provinciam
908 1961 1064 2010 rediit.
1097 1961 1299 2013 Novum

25 2024 102 2092 jus
136 2041 197 2074 eo
228 2043 354 2073 anno
378 2044 402 2073 a
432 2025 812 2076 Ferentinatibus
833 2042 1068 2088 tentatum
1089 2068 1103 2089 ‚
1132 2045 1182 2078 ut
1207 2031 1302 2080 La-

26 2093 145 2149 tini,
170 2094 250 2158 qui
283 2094 330 2140 in
355 2093 595 2141 coloniam
619 2095 889 2145 Romanam
919 2099 1116 2146 nomina
1142 2098 1300 2150 dedis·-

29 2157 163 2222 sent‚
199 2163 328 2210 cives
352 2159 562 2211 Romani
585 2161 749 2224 essent.
783 2180 814 2229 7
844 2165 1072 2224 Puteolos
1094 2205 1109 2228 ,
1143 2166 1303 2224 Saler-·⁴

92 2291 119 2329 7
148 2277 338 2320 Puteolos
358 2307 369 2328 ,
407 2281 635 2322 Salernum·
698 2280 782 2324 turn
822 2284 885 2323 hae.
921 2285 1091 2325 coloniae
1127 2286 1302 2327 dedmstae

32 2329 105 2394 ⁴que
119 2367 130 2386 ,
150 2340 187 2378 δ’
211 2340 430 2382 Buxentum
450 2339 638 2398 adscripti
700 2344 860 2398 quidem
881 2348 1142 2386 narrabuntur
1167 2349 1266 2388 infra
1284 2375 1300 2395 ,

36 2399 201 2447 coloni,
238 2402 301 2455 qui
333 2404 490 2442 nomina
522 2405 638 2444 dede·
703 2419 738 2444 c.
762 2418 835 2454 45.
858 2406 937 2446 Sed
959 2409 1022 2447 lex
1043 2409 1090 2447 de
1107 2409 1152 2448 iis
1174 2411 1303 2448 dedu-

37 2461 163 2514 rant.]
181 2460 638 2516 Adscriptiatriumviris
703 2468 840 2519 cendis
858 2466 1089 2521 jampridem
1114 2472 1191 2510 lata
1220 2471 1306 2510 fue-

36 2522 200 2567 coloni,
221 2529 283 2576 qui
303 2524 381 2564 sese
409 2527 639 2568 obtulerant
702 2541 763 2568 rat
780 2556 791 2575 ,
820 2539 861 2568 ut
885 2542 1146 2570 memoratum
1171 2531 1224 2570 est
1249 2532 1308 2571 su·

38 2597 63 2623 e
84 2582 231 2623 Latinis
251 2612 261 2631 ,
288 2585 327 2624 ὅ(
345 2592 499 2627 nomina
516 2589 555 2628 in
573 2603 640 2630 eas
703 2592 772 2643 pra
789 2618 799 2636 ‚
819 2590 985 2630 XXXll
1013 2620 1022 2635 ‚
1051 2604 1122 2642 29.
1149 2593 1309 2632 Intelli-

39 2644 223 2694 golonias
265 2647 469 2693 dederant.
513 2648 641 2694 Cete-
705 2651 879 2708 gendum
892 2653 943 2695 est
961 2653 1094 2710 igitur,
1109 2667 1193 2695 tem
1209 2666 1306 2706 tune
