1680 3052
248 136 294 196 L
335 151 358 193 π
403 149 437 192 Β
485 149 520 191 E
563 149 603 191 R
686 127 1050 190 XXXIV.
1181 151 1299 212 217

0 226 4 280 ξ
30 219 116 287 ffiffl
140 234 266 270 erant
298 235 312 267 :
349 232 381 279 7
402 216 556 280 servos
588 213 654 261 ad
673 228 835 260 remum
858 247 874 270 ‚
909 230 1089 273 numero
1113 231 1169 260 ex
1187 233 1294 264 cen·
1307 213 1520 279 U.c.557.'

5 283 8 287 ⁴
30 290 74 339 (ic
108 288 336 352 constituto
353 322 368 344 ,
404 281 736 348 cumstipendio
767 280 908 343 nostro
929 279 1153 327 dabamus
1172 298 1185 327 .·
1205 282 1504 334 au-a·C.195.

30 372 118 404 rum
151 357 195 404 6·
235 366 462 420 argentum
496 368 621 398 omne
641 385 656 408 ‚
692 347 750 394 ab
771 346 1063 411 senatoribus
1100 345 1197 411 ejus
1232 351 1295 398 rei

30 423 155 471 initio
181 436 275 470 orto
296 457 313 481 ‚
344 421 391 484 in
417 417 650 484 publicum
685 412 1019 477 conferebamus
1039 432 1053 461 .·
1073 416 1221 462 viduae
1248 417 1294 465 6·

30 490 188 556 oupilli
220 488 442 555 pecunias
473 484 590 549 fuas
640 484 689 531 in
737 482 942 529 cerarium
988 479 1246 545 deferebant
1277 501 1294 532 .·

30 556 54 605 8
86 572 264 606 cautum
299 568 429 611 erat,
457 569 542 617 quo
577 569 632 600 ne
659 550 771 616 plus
803 550 906 597 auri
944 547 989 596 δ’
1018 552 1193 616 argenti
1203 548 1296 613 fa-

29 624 76 687 5ἶὶ
90 661 108 682 ,
137 640 221 689 quo
249 641 302 671 ne
326 621 435 686 plus
465 619 628 685 fignati
655 617 827 684 argenti
859 617 904 666 δ’
932 615 1033 665 aeris
1068 619 1190 666 domi
1211 619 1297 665 [ια-

29 693 228 740 beremus.
259 689 365 738 Tali
401 704 591 752 tempore
622 686 672 734 in
704 686 895 733 luxuria
930 685 975 733 6¹
1002 701 1167 733 ornatu
1195 698 1296 733 ma-

29 774 156 808 tronoe
177 772 406 822 occupatae
437 769 585 812 erant,
609 769 659 802 ut
693 756 759 800 ad
777 770 873 801 eam
907 755 1193 800 coercendam
1213 753 1294 802 lex

29 827 182 892 Oppia
209 827 456 890 desiderata
477 821 582 887 fit?
618 838 751 886 quum
771 857 785 880 ‚
820 821 930 884 quia
963 821 1297 885 Cererissacri-

29 888 169 942 ‘ieium
217 892 469 958 lugentibus
504 889 712 937 omnibus
750 889 968 936 matronis
1004 887 1295 953 intermiffitm

29 954 146 1022 erat,
167 960 358 1024 fienatus
377 958 509 1024 finiri
542 958 702 1005 latium
745 956 932 1021 triginta
968 955 1123 1003 diebus
1154 955 1300 1020 juffit.

29 1022 107 1078 C'ui
133 1046 220 1078 non
243 1041 432 1094 apparet
455 1062 470 1085 ,
501 1025 703 1090 inopiam
739 1024 784 1072 6³
806 1022 1027 1087 miseriam
1051 1024 1257 1073 civitatis
1276 1036 1299 1083 ,'

28 1098 129 1162 quia
164 1097 356 1145 omnium
386 1095 667 1160 privatorum
698 1092 905 1157 pecuniae
925 1092 972 1139 in
997 1091 1121 1156 usum
1134 1093 1301 1158 publi-

28 1165 118 1213 :um
150 1165 370 1213 vertenda:
400 1174 527 1209 erant
544 1197 560 1219 ,
594 1161 719 1226 istam
743 1160 878 1224 legem
887 1157 1104 1223 scripfiffe
1126 1196 1140 1219 ‚
1178 1172 1302 1209 tam-¹

28 1226 102 1280 ii'u
150 1231 442 1296 mansuram,
489 1229 704 1293 quamdiu
740 1228 878 1291 causa
902 1226 1152 1291 scribendae
1184 1229 1299 1294 legis

28 1297 278 1362 nanfiffit?
313 1301 439 1347 Nam
460 1299 509 1362 fi
528 1313 624 1361 quae
654 1310 759 1343 tunc
798 1294 1011 1359 temporis
1047 1295 1189 1359 causa*
1216 1311 1300 1345 aut

28 1368 216 1414 decrevit
235 1366 423 1432 senatus
448 1401 465 1423 ,
509 1379 590 1411 aut
616 1363 820 1429 populus
853 1360 1007 1426 juffit,
1047 1362 1095 1410 in
1127 1381 1301 1429 perpe-

26 1450 141 1482 tuum
161 1433 337 1496 servari
367 1446 569 1498 oportet,
597 1448 676 1479 cur
690 1431 915 1496 pecunias
939 1431 1166 1478 reddimus
1194 1433 1298 1497 pri-

25 1501 184 1552 vatis?
219 1516 252 1566 9
284 1518 363 1549 cur
379 1500 567 1565 publica
592 1498 803 1564 praesenti
829 1498 1032 1563 pecunid
1055 1498 1301 1553 locamus?¹

25 1587 98 1628 cur
115 1568 239 1633 servi
258 1605 277 1626 ,
313 1570 389 1634 qui
430 1568 622 1615 militent
641 1604 657 1627 ,
688 1585 778 1614 non
807 1581 1011 1614 emuntur
1029 1567 1056 1614 ?
1090 1583 1170 1614 cur
1193 1567 1300 1634 pri-⁴

24 1638 118 1688 vati
147 1655 235 1684 non
271 1638 432 1683 damus
457 1636 674 1700 remiges,
687 1636 809 1699 ficut
841 1634 1046 1682 dedimus
1063 1632 1089 1679 Ρ

81 1701 197 1751 VII.
235 1706 403 1754 Omnes
432 1703 520 1751 alii
549 1702 727 1752 ordines
745 1739 761 1763 ‚
790 1719 940 1749 omnes
958 1702 1158 1750 homines
1188 1710 1300 1751 mu-'

23 1772 229 1836 tationem
256 1773 303 1820 in
328 1771 549 1819 meliorem
573 1772 740 1835 statum
770 1769 1027 1834 reipublicae
1052 1769 1250 1833 sentient
1277 1789 1296 1821 .·

22 1841 84 1898 ad
108 1837 317 1906 conjuges
353 1838 529 1888 tantum
567 1839 737 1903 nostras
774 1839 910 1903 pacis
939 1837 985 1886 6³
1022 1839 1297 1902 tranquilli-

21 1907 128 1975 tatis
149 1908 346 1973 publicat
358 1906 534 1970 ftuflus
558 1925 649 1955 non
670 1904 943 1971 perveniet?
967 1905 1297 1971 Purpurdrviri

21 1990 216 2031 utemur,
243 1975 502 2041 praetextati
540 1974 588 2023 in
622 1973 985 2040 magistratibus,
1014 1974 1062 2021 in
1072 1973 1297 2037 sacerdo-

21 2042 98 2090 tiis
136 2061 149 2091 .·
182 2043 314 2090 liberi
354 2043 484 2106 nostri
512 2044 746 2108 praetextis
771 2041 978 2107 purpurei
1004 2043 1119 2107 togis
1157 2058 1296 2090 uten-

20 2123 125 2172 t14r;
156 2110 483 2176 magistratibus
511 2111 558 2158 in
581 2110 777 2158 coloniis
809 2109 1182 2174 municipiisque,
1217 2109 1294 2160 hie

19 2179 170 2237 Romae
190 2179 343 2242 infimo
358 2178 511 2244 generi
535 2193 554 2225 1
574 2178 790 2247 magistris
806 2178 1018 2229 ,vicorum
1037 2192 1147 2244 togae
1164 2194 1296 2245 prae-⁴

62 2285 103 2342 ⁴7
137 2290 281 2334 Servos
327 2293 380 2332 ad
424 2293 616 2348 remum.]
676 2291 846 2348 pecunic‘z‘
875 2290 1096 2344 locamus.]
1122 2291 1206 2332 Cur
1235 2289 1291 2332 ita

19 2350 115 2395 vid.
147 2352 258 2406 supra
285 2354 432 2397 XXIV
451 2382 462 2403 ,
490 2367 558 2396 ιι.
681 2355 859 2395 locamus
877 2353 1092 2408 praebenda
1123 2366 1170 2392 ea
1199 2365 1290 2406 quae

55 2406 104 2454 '8
127 2416 288 2454 Cautum
317 2429 429 2463 erat,
465 2431 538 2471 quo
572 2430 620 2457 ne
681 2415 914 2468 reipublicae
960 2414 1002 2457 ὅ(
1044 2414 1290 2454 exercitibus

18 2473 157 2529 plus.]
187 2476 390 2517 Definitus
415 2489 503 2519 erat
533 2477 621 2518 auri
682 2477 766 2518 usui
806 2476 894 2517 sunt
917 2504 931 2522 ‚
964 2486 1009 2515 ut
1052 2474 1291 2528 praesentem

18 2532 62 2576 δέ
81 2536 237 2589 argenti
255 2538 394 2578 modus
410 2567 421 2587 ‚
440 2553 519 2594 quo
542 2553 620 2580 ma·
683 2538 894 2594 pecuniam
965 2536 1291 2590 redemptoribus

18 2595 145 2650 iorem
169 2597 315 2638 habere
343 2609 588 2642 vetaremur.
684 2612 955 2643 numeremus.

77 2669 102 2712 9
143 2659 219 2697 Cur
245 2660 406 2714 publica
437 2659 623 2718 prasenti
736 2674 769 2705 -ι
811 2658 1014 2719 Magistris
1063 2652 1290 2709 vicorum]

158 2719 199 2767 T
197 2735 284 2769 om.
320 2724 377 2772 V.
974 2715 1022 2764 K
