1680 3052
357 144 432 187 22
615 125 1318 188 T1T1L1V11

150 205 523 273 U.c.552.pens1o
548 206 817 258 debebatur
847 227 919 259 eo.
943 228 1071 260 anno
1101 249 1115 271 ,
1141 211 1360 261 adierunt
1390 209 1633 263 senatum!

150 273 469 342 220C·200-.quia
499 276 752 338 consules,
773 296 919 343 quum
957 279 1018 326 ad
1051 297 1236 328 novum
1265 280 1477 340 bellum,
1507 279 1641 346 qu'od

353 346 535 412 magnii
565 343 702 394 classe
740 345 1017 413 magnisque
1054 348 1342 396 exercitibus
1374 349 1642 414 gerendum

352 411 470 462 effet
488 451 505 472 ,
527 415 610 462 vix
648 416 866 462 aerarium
893 412 1129 463 sufficeret
1149 452 1164 474 ,
1190 429 1487 483 negaverant
1513 415 1642 478 effe,

352 481 482 530 unde
511 483 565 530 iis
598 482 647 529 in
685 480 934 546 praesentia
968 481 1250 532 solveretur.
1280 482 1482 533 Senatus
1516 501 1643 550 que-

171 555 256 601 Pro
274 564 518 617 pe-rentes
546 566 633 598 eos
661 567 762 598 non
789 549 1002 598 sustinuit
1021 587 1039 608 ,
1070 553 1124 599 Si
1152 551 1199 598 in
1220 553 1450 600 Punicum
1474 553 1641 600 bellum

149 621 269 662 cunia
349 618 548 684 pecunid
592 619 706 665 data*
734 654 750 678 ,
788 620 837 666 in
873 620 1224 667 Macedonicum
1260 638 1433 685 quoque
1473 620 1640 669 bellum

142 683 318 752 priv-atis
357 688 426 735 uti
459 685 712 753 respublica
752 686 890 734 vellet
922 723 940 744 ,
972 688 1086 735 aliis
1135 705 1192 735 ex
1235 688 1348 735 aliis
1391 688 1642 737 orientibus

150 759 236 799 ‘²ng
253 744 341 814 fzffi·
354 754 488 803 bellis
505 792 520 814 ‚
545 755 659 820 quid
682 753 818 808 aliud
840 755 974 820 qua'm
1002 756 1290 821 publicatam
1313 793 1328 813 ,
1353 773 1435 820 pro
1471 756 1643 821 benefi-

146 819 278 866 gaam.
352 825 457 882 cio,
481 838 699 888 tanquam
731 823 784 870 ob
817 841 985 871 noxam
1007 860 1026 882 ,
1051 823 1188 888 suam
1216 826 1460 889 pecuniam
1486 822 1590 889 fhre
1615 828 1644 877 ,ἓ

353 889 532 955 Quum
570 890 623 938 &
664 891 837 956 privati
876 909 1069 958 aequum
1107 890 1404 958 postularent
1429 929 1444 951 ‚
1483 915 1508 947 4
1549 909 1643 942 nec

352 973 519 1009 tamen
557 957 793 1008 solvendo
830 976 923 1007 aere
965 960 1125 1008 alieno
1178 959 1447 1025 respublica
1490 957 1642 1020 esset,

354 1027 493 1095 quod
524 1027 740 1075 medium
771 1029 897 1077 inter
927 1044 1119 1093 aequum
1151 1027 1202 1076 &
1232 1029 1347 1077 utile
1380 1041 1482 1076 erat
1503 1065 1518 1089 ‚
1551 1029 1646 1078 de-

352 1108 613 1145 creverunt
647 1132 661 1156 ‚
703 1096 771 1143 Ut
802 1131 817 1155 ‚
864 1099 1079 1161 quoniam
1127 1113 1291 1162 magna
1333 1114 1448 1162 pars
1494 1113 1644 1145 eorum

353 1183 489 1231 agros
517 1164 654 1230 vulg&
686 1163 873 1212 venales
907 1162 987 1227 ff
1023 1166 1189 1213 diceret
1213 1201 1228 1224 ,
1263 1165 1307 1211 6·
1330 1166 1511 1229 fibimet
1544 1182 1646 1213 ern-

348 1235 448 1299 ptis
471 1250 586 1299 opus
614 1229 693 1297 ‘ssffe
711 1249 732 1290 ‚⁸
756 1232 855 1298 agri
883 1232 1061 1295 publici
1081 1269 1099 1290 ,
1127 1252 1142 1289 ς
1166 1234 1246 1295 qui
1272 1234 1394 1281 intra
1417 1234 1648 1298 quinqua·

351 1302 563 1368 gesimam
587 1301 785 1366 lapidem
819 1298 918 1364 effet
939 1338 954 1360 ,
995 1301 1131 1362 copia
1162 1303 1221 1348 iis
1242 1302 1390 1364 fieret.
1428 1300 1649 1360 Consules

358 1387 516 1436 agrum
542 1370 833 1436 aestimaturos
851 1406 869 1426 ,
894 1367 940 1416 6·
978 1373 1004 1413 6
1037 1369 1086 1416 in
1114 1367 1282 1435 jugera
1310 1367 1422 1432 affis
1451 1372 1647 1433 veffl'ga·

355 1439 424 1487 les
444 1475 461 1496 ‚
478 1438 668 1502 testandi
698 1437 843 1484 causei
872 1436 1110 1503 publicum
1141 1455 1296 1503 agrum
1324 1435 1404 1501 effi
1422 1475 1439 1496 ,
1462 1439 1649 1503 impost-

356 1521 525 1564 turos;
555 1521 606 1555 ut
625 1507 672 1570 fi
700 1506 805 1566 quis
825 1542 839 1565 ‚
866 1521 1001 1569 quum
1031 1504 1209 1569 fhlvere
1236 1503 1377 1572 poffi’t
1405 1507 1646 1571 populus,

351 1575 597 1641 pecuniam
625 1574 786 1622 habere
802 1610 817 1633 ‚
839 1574 974 1638 qudm
1006 1591 1161 1637 agrum
1189 1575 1348 1622 mallet
1369 1612 1382 1632 ‚
1404 1575 1645 1640 restitueret

356 1661 516 1709 agrum
562 1643 755 1709 populo.
794 1641 914 1689 Laeti
952 1658 1062 1689 eam
1099 1641 1435 1690 conditionem
1470 1639 1646 1708 privati

358 1727 612 1776 accepere.
634 1728 659 1765 7
681 1708 929 1759 Trientius
949 1707 1272 1774 Tabuliusque
1298 1713 1334 1758 is
1360 1726 1475 1776 ager
1495 1747 1510 1768 ‚
1534 1712 1648 1777 quia

360 1797 451 1846 pro
480 1782 620 1828 tertia
639 1794 772 1843 parte
796 1779 1010 1844 pecuniae
1032 1779 1169 1826 datus
1193 1794 1294 1827 erat
1317 1815 1332 1838 ,
1357 1779 1648 1844 appellatus-

212 1871 349 1928 Sulpi.
430 1846 572 1896 XIV.
604 1846 737 1896 Tum
768 1846 818 1895 P.
849 1845 1088 1912 Sulpicius
1109 1884 1125 1906 ,
1153 1845 1416 1911 secundum
1451 1861 1567 1895 vota
1595 1848 1647 1896 in

154 1932 344 1987 ciusc'os.
363 1913 614 1983 Capitolio
658 1930 932 1981 nuncupata
957 1953 971 1974 ‚
1016 1914 1265 1980 paludatus
1310 1932 1419 1962 cum
1462 1913 1648 1963 Ιὶξὶοτί-

154 1996 241 2037 itin
254 1997 347 2036 Ma·
361 1986 450 2034 bus
491 1983 736 2052 profectus
768 1985 827 2032 ab
865 1983 986 2032 urbe
1009 2020 1024 2045 ,
1055 1981 1374 2032 Brundufium
1406 1985 1571 2033 venit:
1593 1983 1649 2034 &

153 2060 297 2102 cadon.

418 2136 449 2175 4
473 2124 588 2166 Nec.
604 2154 616 2166 .
636 2153 646 2164 .
673 2119 867 2177 solvendo
895 2136 966 2163 aere
1092 2120 1118 2162 6
1140 2121 1187 2162 In
1201 2121 1341 2178 jugera
1361 2121 1454 2176 affes
1477 2121 1649 2178 vefliga-

357 2186 491 2227 alieno
539 2183 759 2240 respublica
810 2183 914 2238 effet.
946 2185 964 2237 ]
1031 2183 1123 2236 les.]
1142 2184 1326 2240 Singulos
1341 2186 1437 2224 asses
1454 2183 1647 2239 injugera

357 2249 484 2290 Reaa
521 2247 712 2300 loquendi
753 2261 889 2286 norma
925 2246 968 2287 &
1032 2247 1235 2300 vectigalis
1258 2248 1434 2287 nomine.

358 2310 611 2355 consuetudo
644 2309 814 2361 postulat
846 2308 928 2348 aeri.
1081 2321 1106 2360 7
1131 2308 1328 2348 Trientius
1350 2304 1644 2363 Tabuliusque]

428 2386 443 2423 5
481 2371 685 2429 Quiintra
707 2369 971 2426 quinquagefi·
1034 2368 1153 2410 Patet
1186 2370 1279 2410 ideo
1305 2368 1355 2409 fic
1389 2370 1531 2408 dietum
1565 2369 1645 2410 effe
1674 2378 1677 2379 ’

359 2450 457 2477 mum
475 2432 644 2487 lapidem
666 2431 788 2486 effec.]
809 2431 890 2481 Qui
909 2432 969 2470 es·
1034 2431 1140 2470 hunc
1189 2434 1325 2486 agrum
1359 2459 1370 2478 ‚
1428 2433 1515 2483 quia
1568 2444 1644 2476 pro

360 2497 421 2537 set
461 2497 562 2535 intra
599 2494 882 2548 quinquaginta
923 2495 972 2532 ab
1035 2494 1184 2541 triente
1215 2494 1436 2532 tabularum
1459 2521 1468 2539 ‚
1490 2492 1527 2531 id
1559 2492 1645 2539 est,

361 2560 463 2598 urbe
494 2555 610 2594 millia
644 2555 832 2609 passuum.
871 2555 973 2594 Mil·
1036 2569 1110 2607 pro
1132 2553 1248 2594 tertia
1266 2566 1379 2607 parte
1399 2554 1483 2607 ejus
1503 2581 1513 2599 ,
1535 2552 1642 2605 <guod

354 2620 471 2666 liat-ia
499 2617 692 2671 lapidibus
720 2615 972 2671 defigi-laban·
1036 2630 1086 2655 ex
1113 2616 1280 2668 publicis
1308 2617 1452 2655 tabulis
1474 2616 1645 2662 debebas

362 2690 430 2723 tur
452 2708 464 2731 ‚
482 2691 527 2721 ut
548 2679 729 2723 omnious
750 2688 911 2725 notum,
1036 2687 1102 2720 tut
1115 2705 1131 2725 ,
1151 2677 1265 2721 datus
1283 2678 1430 2722 fuerat„
