1680 3052
257 81 1017 186 LIBERXXXV.
1169 146 1278 205 291

22 225 127 263 tores
158 226 213 258 ex
234 207 488 276 provinciis
508 206 752 271 scriberent
773 241 788 265 ,
822 222 904 253 aut
939 207 1078 272 legati
1111 226 1282 258 renun·
1296 225 1492 276 [335594

22 281 180 329 :iurent
201 314 217 334 ,
242 275 361 324 nihil
395 290 540 323 ratum
576 273 730 321 haberi
764 274 934 320 debere.
978 274 1489 333 Situmulcusac.193.

23 348 62 394 in
93 344 320 410 Hispania
356 340 453 408 effe!
479 379 494 400 ,
521 341 699 404 placere
720 377 735 401 ,
765 341 1085 389 tumultuarios
1117 344 1287 391 milites

22 429 142 461 extra
163 412 349 460 ltaliam
373 410 510 474 scribi
544 427 571 455 a
596 424 799 475 praetore.
830 407 975 457 Mens
1007 424 1064 456 ea
1098 406 1286 458 senatus

0 479 134 538 suit,
161 493 210 527 ut
253 480 300 526 in
335 476 564 543 Hispania
598 476 890 524 tumultuarii
933 476 1107 525 milites
1143 476 1289 543 lege-

23 562 190 597 rentur.
215 545 437 593 Valerius
464 543 630 592 Antias
659 543 709 592 &
739 545 788 591 in
812 541 1019 593 Siciliam
1047 542 1289 610 navigasse

23 612 224 665 deleslfis
251 613 391 660 causa
426 611 488 661 C.
522 611 808 660 flaminium
841 611 1029 660 scribit:
1053 612 1105 659 ὃ(
1134 628 1194 660 ex
1213 610 1292 660 Si-

23 683 123 732 cilia
144 679 421 746 Hispaniam
457 694 708 745 petentem
730 716 745 738 ,
770 678 1055 743 tempestate
1079 680 1127 726 in
1156 677 1293 728 Afri-

23 766 121 798 cam
147 750 355 797 delatum
371 786 385 808 ‚
400 765 554 814 vagos
578 748 753 795 milites
773 747 833 796 de
854 747 1064 795 exercitu
1089 745 1139 796 P.
1159 745 1293 795 Afri-

23 820 122 867 cani
157 816 451 866 sacramento
483 814 663 881 rogasse
701 832 711 862 :
747 814 819 861 his
858 815 1057 862 duarum
1089 817 1293 880 provin-

23 887 192 936 ciarum
214 882 472 932 delestibus
487 921 501 942 ,
519 884 711 931 tertium
731 883 779 929 in
799 881 1028 946 Hispania
1048 880 1288 946 adjecisse.

46 951 166 1002 ἸΙΙ.
209 952 316 1001 Nec
361 954 410 999 in
454 949 588 998 Italia
630 949 813 1017 segniiis
844 949 1074 1017 Ligurum
1107 951 1289 1000 bellum
1329 957 1409 1000 Res
1426 958 1495 1012 Li·¹

23 1019 275 1070 crescebat.
310 1018 434 1067 Pisas
469 1016 567 1082 jam
607 1017 917 1085 quadraginta
947 1019 1155 1067 millibus
1197 1020 1434 1079 ho-guriae.

23 1091 202 1138 minum
224 1125 240 1148 ‚
268 1085 490 1136 affluente
525 1087 742 1154 quotidie
781 1086 1085 1136 multitudine
1122 1086 1184 1136 ad
1218 1086 1293 1137 fa-

23 1173 150 1204 mam
189 1156 304 1204 belli
344 1156 571 1220 spemque
605 1154 777 1219 praedae
807 1192 822 1215 ‚
863 1155 1296 1207 circumsedebant.

24 1222 261 1273 Minucius
285 1222 447 1271 consul
476 1223 723 1270 Arretium
746 1259 762 1282 ‚
795 1222 873 1271 die
905 1240 1050 1287 quem
1078 1224 1295 1275 edixerat

24 1291 81 1339 ad
112 1290 501 1340 conveniendum
537 1291 764 1338 militibus
784 1325 799 1347 ,
829 1293 964 1338 venit
987 1307 1002 1351 ;
1026 1291 1139 1340 inde
1176 1309 1299 1357 qua-

23 1359 160 1409 drato
193 1362 384 1425 agmine
413 1359 473 1406 ad
503 1356 624 1406 Pisas
664 1358 825 1405 duxit:
852 1358 906 1405 &
943 1376 1090 1425 quum
1128 1358 1291 1408 hostes

22 1444 122 1476 non
173 1427 278 1492 plus
326 1423 539 1492 passuum
570 1424 716 1473 tribus
756 1425 963 1475 millibus
1007 1427 1065 1474 ab
1102 1427 1292 1493 oppido

21 1508 149 1542 trans
181 1494 380 1542 fluvium
410 1491 666 1542 movissent
697 1492 843 1542 castra
865 1532 878 1555 ‚
904 1494 1068 1542 consul
1090 1496 1256 1544 urbem
1274 1532 1293 1555 ‚

22 1561 150 1610 haud
173 1561 315 1610 dubie
348 1561 581 1610 servatam
619 1560 831 1610 adventu
865 1561 981 1621 suo,
1012 1562 1078 1611 est
1112 1562 1295 1630 ingres-

24 1628 115 1678 sus,
151 1628 346 1678 Postero
387 1629 465 1677 die
505 1629 558 1676 &
597 1628 694 1694 ipse
728 1644 856 1677 trans
897 1629 1097 1679 fluvium
1136 1630 1291 1680 ferme
1354 1639 1499 1684 Minu-⁴

24 1697 155 1746 mille
186 1696 337 1763 passus
368 1696 427 1745 ab
457 1695 591 1745 hoste
619 1695 775 1762 posuit
804 1695 949 1746 castra
976 1713 990 1757 ;
1027 1699 1139 1748 inde
1167 1700 1291 1748 levi·
1305 1703 1383 1744 cius
1403 1699 1497 1754 Cos.

25 1763 112 1813 bus
145 1765 315 1830 praeliis
356 1783 382 1813 a
419 1765 815 1829 populationibus
851 1783 1016 1832 agrum
1054 1766 1344 1834 sociorumirf
1378 1764 1502 1821 figat

26 1832 299 1891 tutabatur3
329 1833 378 1880 in
408 1834 562 1881 aciem
597 1834 726 1881 exire
757 1849 857 1881 non
887 1834 1126 1894 audebat,
1158 1841 1386 1885 novom·

25 1900 177 1948 milite
199 1936 213 1959 ‚
250 1900 302 1948 &
336 1917 396 1948 ex
426 1900 583 1949 multis
613 1900 867 1966 generibus
901 1901 1153 1951 hominum
1186 1905 1298 1952 col-

28 1965 152 2014 lesio
176 2003 190 2025 ‚
223 1980 243 2031 5
276 1967 481 2015 necdum
511 1982 631 2016 noto
663 1966 769 2017 satis
799 1970 922 2017 inter
949 1969 996 2018 se
1016 2006 1031 2029 ‚
1055 1986 1108 2019 ut
1141 1968 1299 2021 fidere

29 2034 108 2082 alii
143 2035 241 2081 aliis
279 2033 484 2100 possent.
522 2035 720 2103 Ligures
753 2037 1058 2087 multitudine
1096 2037 1204 2087 freti
1244 2039 1297 2089 δε

28 2101 77 2150 in
119 2103 270 2149 aciem
318 2102 508 2150 exibant
544 2139 560 2162 ‚
604 2104 754 2169 parati
794 2103 856 2153 de
907 2104 1091 2154 summa
1134 2122 1299 2155 rerum

30 2168 290 2218 decernere
328 2185 342 2228 3
392 2169 445 2217 &
493 2169 791 2221 abundantes
835 2173 1043 2221 militum
1091 2191 1301 2223 numero

30 2235 198 2304 paffim
241 2237 413 2285 multas
458 2253 624 2286 manus
655 2256 741 2306 per
790 2254 1005 2290 extrema
1037 2239 1204 2290 finium
1237 2241 1301 2290 ad

31 2304 342 2371 praedandum
380 2306 664 2354 emittebant
703 2324 716 2356 z
747 2313 790 2356 &
834 2324 982 2372 quum
1022 2308 1183 2356 canta
1219 2311 1297 2357 vis

30 2389 204 2438 magna
228 2388 459 2438 pecorum
486 2374 753 2442 praedaeque
788 2374 903 2425 esset
921 2414 938 2435 ,
958 2391 1176 2443 paratum
1189 2388 1302 2450 ‘erat

97 2476 113 2513 5
133 2465 308 2504 Necdum
321 2478 415 2505 noto
425 2462 524 2519 satis
537 2464 640 2506 inter
700 2467 740 2508 id
768 2468 821 2510 est
841 2498 852 2518 ,
872 2483 1010 2524 parum
1039 2468 1172 2507 adhuc
1192 2466 1304 2507 'noto

29 2522 75 2581 se
98 2553 110 2570 ,
131 2539 171 2564 ut
198 2525 324 2580 fidere
352 2526 424 2565 alii
443 2527 532 2566 aliis
547 2524 639 2581 pos-
702 2529 806 2570 inter
832 2527 876 2584 se
895 2558 906 2577 ,
934 2531 985 2570 ita
1016 2541 1058 2567 ut
1084 2528 1151 2568 vix
1176 2528 1310 2586 fidere⁸

30 2584 157 2641 setin]
170 2588 297 2640 Magis
314 2588 506 2638 placeret,
519 2601 558 2626 ut
571 2589 639 2628 vix
703 2591 777 2634 alii
804 2592 896 2633 aliis
922 2588 1096 2647 poffcnt.

29 2647 174 2706 fidere.
193 2648 370 2690 Necdum
390 2659 484 2690 noto
504 2645 604 2704 satis
625 2675 641 2701 ,
1000 2705 1047 2758 N
1075 2704 1102 2717 .-

1074 2723 1106 2776 ¹)
