1680 3052
280 113 326 170 L
368 128 392 169 1
440 127 475 169 B
519 127 556 169 E
598 127 636 170 R
719 110 1075 170 XXXIV.
1216 130 1328 191 271

78 191 209 244 entio
243 192 418 243 deinde
454 192 580 242 fatto
599 229 614 252 ‚
648 193 788 259 petiit
815 194 873 240 ab
898 194 951 239 iis
972 230 985 249 ,
1011 208 1061 240 ut
1085 195 1215 243 cives
1235 196 1338 245 Ro·
1353 208 1425 251 [Le
1450 208 1543 259 553,

111 279 260 320 anos,
295 260 329 309 fi
374 263 455 328 qui
502 260 630 326 apud
679 277 764 309 eos
798 262 845 308 in
885 258 1110 309 servitute
1152 261 1541 322 efferata-(2294.

47 329 349 394 oeonquifitos
377 332 499 378 intra
533 329 656 377 duos
692 327 878 377 menses
922 328 1169 377 mitterent
1204 329 1263 377 ad
1291 330 1335 379 se

48 397 105 446 -in
135 396 440 447 Thessaliam.
481 400 557 447 Ne
587 397 694 463 ipfis
731 398 908 461 quidem
944 397 1161 454 honestum
1186 397 1265 460 eſji²
1287 400 1336 446 in

51 465 248 514 liberata
272 481 388 514 terra
411 467 672 514 liberatores
696 462 795 529 ejus
807 464 993 529 servire.
1031 463 1222 513 Omnes
1247 482 1333 511 ac·
1427 477 1539 520 Cive,

46 532 318 582 adamarunt
338 571 352 592 ‚
373 536 543 601 gratias
567 533 613 581 se
645 534 771 581 inter
802 548 964 581 cetera
986 534 1132 581 etiam
1154 533 1218 581 ob
1239 531 1332 580 hoc
1347 540 1518 578 Romani

54 617 196 667 agere
215 638 229 660 ‚
251 602 383 666 quod
415 601 654 649 admoniti
684 598 859 660 estem,
882 614 1054 649 uttam
1086 601 1199 665 pio,
1234 614 1333 647 tam
1348 601 1409 654 qui
1457 599 1540 653 ser·

54 667 315 718 neceffario
351 668 513 718 officio
541 668 871 735 fungerentur.
908 666 1083 734 Ingens
1105 684 1331 716 numerus
1347 662 1505 701 wicham

51 752 154 786 erat
202 738 332 787 bello
379 736 560 785 Punico
599 750 886 802 captorum,
921 753 1042 802 quos
1080 736 1294 784 Annibal
1319 726 1451 807 ‚Q'l‘d

53 821 202 870 quum
224 825 246 853 a
273 804 361 853 suis
387 823 488 853 non
520 805 872 854 redimerentur
892 840 908 863 ,
930 803 1333 852 venumdederat.
1352 798 1508 823 ome-s

53 871 382 922 Multitudinis
404 890 575 922 eorum
606 886 942 940 argumentum
968 870 1062 935 est,
1086 872 1220 938 quod
1243 871 1336 920 Po-

53 940 216 1005 lybius
267 940 422 990 scribit
455 978 470 1001 ‚
514 957 546 1005 7
600 955 795 990 centum
840 940 1031 988 talentis
1081 957 1188 989 eam
1230 957 1335 989 rem

51 1007 244 1065 Achaeis
286 1007 457 1058 stetisse
490 1027 501 1056 :
543 1025 689 1075 quum
730 1009 759 1056 8
799 1009 1071 1073 quingenos
1111 1009 1334 1073 denarios

51 1078 260 1142 pretium
291 1079 341 1125 in
376 1077 562 1142 capita,
600 1076 733 1144 quod
767 1075 1048 1124 redderetur
1088 1077 1298 1124 dominis
1320 1112 1333 1135 ‚

49 1141 323 1194 statuiffent.
367 1159 398 1209 9
441 1143 581 1192 Mille
628 1147 757 1194 enim
796 1144 1031 1193 ducentos
1066 1148 1120 1194 ea
1147 1146 1334 1194 ratione

49 1210 238 1261 Achaia
259 1211 441 1261 habuit.
477 1210 655 1277 Adjice
688 1229 814 1260 nunc
845 1230 934 1277 pro
968 1214 1197 1277 portione
1217 1226 1336 1280 quot

45 1278 304 1338 ‚verisimile
340 1279 396 1330 sit
421 1295 576 1330 totam
610 1278 851 1329 Graeciam
883 1278 1111 1330 habuisse.

114 1346 194 1397 LI.
219 1347 453 1398 Nondum
486 1365 754 1399 conventus
775 1346 985 1397 dimissus
1014 1362 1116 1397 erat
1134 1385 1150 1410 ‚
1184 1366 1334 1413 quum

44 1415 305 1483 respiciunt
339 1415 608 1484 praefidium
642 1416 701 1466 ab
735 1416 1098 1466 Acrocorintho
1132 1416 1334 1466 descen-

43 1484 169 1534 dens
197 1522 212 1545 ‚
258 1488 478 1551 protinus
519 1485 581 1534 ad
615 1499 804 1551 portam
851 1486 961 1534 duci
999 1498 1144 1551 atque
1179 1485 1330 1535 abire.

42 1551 279 1618 Quorum
299 1571 475 1620 agmen
501 1554 766 1618 imperator
787 1555 972 1602 secutus
993 1590 1008 1613 ,
1025 1553 1332 1620 prosequen-
1354 1566 1538 1613 Acroco-

45 1621 173 1671 tibus
214 1622 426 1684 cunctis,
459 1621 756 1672 servatorem
797 1623 1212 1689 liberatoremque
1243 1638 1331 1670 ac·
1345 1634 1494 1672 rintlms
1521 1661 1534 1682 ,

46 1688 365 1739 clamantibus
391 1728 406 1751 ,
442 1689 650 1740 salutatis
687 1688 975 1757 dimiffisque
1014 1691 1118 1750 eis,
1152 1688 1330 1740 effidem
1347 1694 1536 1744 Chalcis,

44 1757 143 1823 qua
172 1772 373 1808 venerat
399 1757 482 1809 via
513 1757 715 1807 Elatiam
745 1759 914 1818 rediit3
940 1757 1055 1808 inde
1087 1776 1197 1807 cum
1220 1775 1326 1807 orn·
1347 1754 1538 1824 &pemq-

45 1825 185 1875 nibus
218 1828 368 1892 copiis
412 1825 513 1893 Ap.
547 1825 806 1877 Claudium
846 1828 1062 1895 legatum
1096 1827 1293 1875 dimittit
1315 1828 1438 1886 3²f¹a⁵
1482 1817 1537 1855 ²¹·

47 1910 136 1957 per
172 1892 464 1945 Thessaliam
501 1909 642 1964 atque
676 1895 873 1963 Epirum
908 1896 1087 1945 ducere
1122 1877 1502 1944 Oricumb⁹fa‘'2·

47 1959 215 2025 jubet,
246 1977 388 2028 atque
424 1964 490 2012 ibi
521 1963 567 2014 se
605 1967 854 2032 opperiri;
889 1964 1003 2014 inde
1039 1981 1250 2031 namque
1283 1966 1333 2012 in

45 2032 211 2079 animo
258 2031 351 2081 esse
393 2035 658 2082 exercitum
691 2036 741 2083 in
773 2032 962 2083 Italiam
997 2031 1237 2098 trajicere.
1268 2030 1331 2082 Et

1347 847 1520 887 liberast}

106 2176 134 2215 7
155 2166 313 2205 Centum
330 2164 528 2219 calentia]
547 2167 652 2208 Mar·
716 2176 798 2207 tum
821 2167 888 2207 sex
909 2165 1030 2206 millia
1050 2166 1324 2208 drachmarum

47 2223 104 2267 cis
126 2226 283 2280 argenti
305 2236 440 2279 9375.
715 2228 852 2269 habuit
874 2256 885 2276 ,
924 2228 1003 2268 five
1037 2229 1292 2269 denariorum
1310 2256 1323 2275 ,

109 2287 133 2327 8
167 2287 395 2346 Quingenos
419 2288 612 2330 denarios.
632 2291 649 2344 ]
717 2292 781 2345 qui
795 2305 911 2345 pares
924 2290 1011 2331 sunt
1023 2290 1326 2331 drachmis.1ta-

47 2347 203 2400 Quinas
239 2350 394 2405 argenti
424 2352 544 2392 libras
562 2352 652 2402 ‚Ro-
717 2367 793 2406 que
814 2367 933 2406 quum
957 2353 1148 2408 quingeni
1175 2349 1327 2391 denarii

46 2422 181 2449 manas
241 2413 394 2465 pondo.
455 2414 651 2467 Septenas
717 2414 754 2453 in
769 2415 896 2468 capita
912 2415 1084 2468 pretium
1097 2413 1322 2458 fuerint,ex

48 2483 199 2511 marcas
234 2473 427 2515 nostrates
464 2489 553 2516 cum
586 2476 652 2517 sex
716 2490 796 2516 uno
819 2477 975 2516 talento
1006 2474 1209 2528 redempti
1235 2475 1325 2513 sunt

49 2531 180 2570 unciis
203 2533 242 2572 &
264 2534 474 2577 semuncia.
717 2537 929 2578 duodecim
947 2537 1117 2577 Romani
1135 2564 1144 2580 ‚
1158 2549 1208 2575 ex
1226 2549 1324 2574 cen-

111 2602 136 2643 9
156 2591 278 2633 Mille
297 2599 393 2635 enim
415 2613 487 2638 uno
510 2601 652 2639 ducen·
717 2612 801 2638 tum
851 2599 1011 2639 talentis
1039 2625 1052 2646 ,
1100 2597 1207 2638 mille
1256 2597 1327 2638 du·

48 2653 157 2707 tos.]
182 2654 312 2696 Unum
333 2659 517 2714 quodque
531 2662 653 2701 taien-
720 2661 844 2702 centi-

930 2717 989 2767 M
1010 2719 1060 2773 iv¹
