1680 3052
209 130 255 185 L
297 141 322 183 1
365 142 398 182 B
440 141 472 182 E
516 141 556 182 R
639 124 1021 185 XXXIII.
1154 135 1282 206 143·

12 207 380 257 arocurrentibus
403 204 609 254 laceffita
638 221 799 271 pugna
826 205 892 255 est
912 243 927 266 ‚
953 207 1128 256 deinde
1155 209 1467 276 sub-U,e,5553

13 276 121 324 idiis
146 289 362 323 tuentum
394 274 552 340 pulsos
576 272 708 321 ancia
727 289 738 320 ε
758 276 804 320 in
829 290 922 338 qua
947 291 1096 339 quum
1117 276 1471 334 haud-a.C.197.

14 360 237 410 Iuaquam
267 359 404 408 pares
429 341 673 399 Romani,
695 340 814 389 alios
845 341 982 405 super
1007 342 1125 389 alios
1150 362 1272 392 nun-

0 412 100 459 cios
124 411 183 458 ad
205 411 377 459 ducem
406 412 680 467 mitterent,
697 411 850 474 prerffi
869 407 964 457 sese
987 410 1270 476 3quingenti

0 479 182 543 §equites
203 516 217 539 ‚
239 477 291 526 &
321 478 418 526 duo
454 477 600 525 millia
627 476 844 541 peditum
862 513 878 533 ,
898 478 1104 526 maxime
1129 478 1276 528 AEto-

0 543 155 594 *orum
197 562 305 595 cum
345 544 534 594 duobus
567 545 766 593 tribunis
805 544 1010 593 militum
1059 561 1274 610 propere

18 611 127 661 nissa
148 650 162 672 ‚
197 630 301 661 rem
334 612 610 660 inclinatam
647 611 947 661 restituerunt
980 628 991 660 ε
1032 614 1271 680 versaque

19 679 187 730 'ortana
205 679 506 729 Macedones
532 680 804 729 laborantes
825 719 840 741 ‚
862 697 1010 745 opem
1038 681 1160 748 regis
1183 698 1270 748 per

19 749 199 796 nuncios
239 748 580 814 implorabant.
615 746 712 797 Sed
749 763 800 796 ut
841 749 923 813 qui
957 748 1072 796 nihil
1113 752 1275 800 minim

21 815 80 864 {10
118 817 195 864 die
227 832 429 881 propter
451 814 649 865 offusam
676 816 929 882 caliginem
963 815 1110 882 quam
1139 835 1272 883 prae-

22 887 108 933 ssum
140 882 443 950 exspefiasset
462 921 476 944 ‚
503 883 678 950 magna
705 900 839 947 parte
873 883 1124 932 hominum
1153 903 1273 934 om·-

22 953 69 999 =is
92 954 278 1018 generis
301 953 580 1019 pabulatum
610 950 747 1000 missa
766 988 781 1011 ,
809 951 1101 1017 aliquamdiu
1128 954 1273 1020 inops

28 1019 179 1070 onfilii
203 1021 491 1085 trepidavit:
520 1019 696 1069 deinde
721 1017 975 1086 postquam
1007 1022 1167 1068 nuncii
1195 1023 1273 1070 in-

24 1088 204 1147 :abant,
223 1089 274 1136 &
292 1085 390 1151 jam
409 1087 521 1155 juga
541 1089 780 1136 montium
799 1087 1050 1137 detexerat
1066 1088 1241 1137 nebula
1255 1126 1272 1151 ,

25 1168 52 1203 ιτ.
83 1158 131 1204 ἱη
164 1155 416 1221 conspeElu
451 1170 587 1205 erant
614 1155 914 1204 Macedones
948 1157 996 1204 in
1033 1158 1272 1207 tumulum

26 1225 204 1273 maxime
230 1225 415 1274 editum>
450 1226 569 1273 inter
601 1224 719 1272 alios
761 1222 995 1288 compulfi
1017 1262 1031 1283 ‚
1068 1224 1180 1274 loco
1222 1225 1271 1275 se

27 1294 148 1359 uagis
167 1329 181 1352 ‚
208 1291 352 1358 quam
383 1295 522 1342 armis
555 1305 762 1341 tutantes
784 1307 798 1351 3
818 1292 1166 1341 comittendam
1191 1310 1272 1342 re-

0 1395 1 1407 2
27 1376 102 1407 um
132 1359 363 1408 summam
393 1361 441 1409 in
474 1359 725 1409 discrimen
754 1373 996 1426 utcunque
1023 1377 1147 1409 ratus
1169 1398 1182 1420 ,
1207 1378 1274 1412 ne

32 1428 141 1475 artis
181 1426 438 1478 indefensae
474 1426 650 1494 jactura
685 1426 858 1488 fieret,
898 1428 1271 1495 Athenagoram

33 1511 170 1543 ucem
222 1496 447 1545 mercede
489 1497 798 1545 militantium
843 1514 953 1544 cum
991 1498 1216 1546 omnibus
1256 1534 1275 1558 ,

33 1578 168 1611 raeter
191 1559 402 1612 Thracas
420 1603 436 1623 ‚
459 1564 640 1614 auxiliis
666 1602 681 1625 ,
710 1563 762 1614 &
786 1566 1000 1630 equitatu
1031 1564 1274 1614 Macedo-

31 1647 110 1678 um
147 1630 197 1678 &
220 1628 554 1681 Thessalorum
571 1669 586 1693 ‚
618 1633 763 1680 mittit
786 1649 797 1680 2
821 1648 992 1680 eorum
1021 1633 1231 1682 adventu
1255 1670 1273 1696 ,

29 1696 173 1763 epulfi
204 1699 261 1747 ab
297 1697 412 1766 jugo
433 1699 644 1750 Romani
663 1717 794 1760 ‚non
824 1700 933 1748 ante
961 1699 1231 1750 restiterunt
1254 1738 1271 1762 ,

32 1766 139 1814 uam
172 1768 217 1814 in
250 1768 518 1832 planiorem
548 1768 727 1818 vallem
758 1780 1048 1834 perventum
1082 1767 1164 1817 est.
1193 1768 1271 1820 Ne

30 1832 145 1883 ffusa
177 1834 544 1885 detruderentur
577 1835 725 1902 fuga,
757 1836 1018 1900 plurimum
1049 1837 1096 1884 in
1122 1836 1272 1886 AEto-

32 1920 52 1950 s
87 1904 323 1968 equitibus
364 1904 563 1970 praefidii
603 1903 692 1952 fuit
717 1904 789 1951 :is
822 1904 968 1970 longe
999 1919 1101 1953 tum
1139 1908 1273 1970 opti-

32 1987 102 2017 1us
135 1985 279 2034 eques
311 1972 357 2019 in
386 1970 578 2021 Graecia
612 1984 713 2021 erat
740 1971 937 2038 :pedite
968 1973 1091 2021 inter
1123 1971 1273 2021 finiti·-

0 2036 3 2066 3
33 2055 104 2084 ios
139 2037 472 2089 vincebantur.

0 2118 17 2150 ὲ,
64 2103 202 2154 VIII.
240 2105 269 2154 6
301 2105 473 2157 Laetior
502 2124 611 2168 res,
642 2106 784 2172 quam
821 2124 912 2172 pro
943 2105 1148 2157 successu
1183 2125 1274 2174 pu-

0 2189 3 2195 ·
33 2189 137 2233 nae,
176 2175 435 2235 nunciata,
466 2192 615 2241 quum
651 2176 750 2223 aliis
783 2173 920 2240 super
953 2176 1072 2224 alios
1101 2192 1273 2225 recur-

34 2256 156 2290 mtes
180 2258 240 2290 ex
263 2242 432 2307 praelio
460 2243 721 2291 clamarent
744 2241 910 2310 fugere
934 2242 1141 2308 pavidos
1164 2242 1274 2292 Ro-

0 2318 1 2323 ’
34 2325 166 2357 nanos
189 2347 204 2369 ‚
236 2311 441 2359 invitum
479 2311 532 2360 &
569 2309 989 2370 cunctabundum,
1020 2310 1071 2360 &
1096 2312 1272 2360 dicen-

35 2392 98 2424 em
127 2391 313 2427 temere
341 2377 447 2431 fieri
466 2416 480 2440 ‚
504 2396 605 2428 non
633 2379 795 2431 locum
821 2376 905 2428 fibi
923 2377 1115 2445 placere
1132 2416 1147 2439 ‚
1170 2396 1273 2429 non

59 2469 86 2509 6
114 2470 256 2512 Laetior
277 2488 334 2513 res
353 2502 365 2518 ,
387 2473 497 2528 qudm
519 2488 595 2528 pro
658 2485 828 2527 quantus
847 2483 934 2513 erat
951 2487 1093 2527 pugnae
1114 2473 1267 2514 succes·

44 2531 161 2585 cceffu
175 2549 309 2588 pugnae
327 2562 338 2580 ,
361 2534 593 2586 nunciatam]
660 2534 722 2574 sus
740 2563 752 2581 ,
773 2537 889 2589 quam
917 2544 1063 2589 quanta
1088 2545 1175 2578 erat
1205 2533 1266 2577 tei

42 2593 125 2632 u&a
145 2607 207 2633 res
225 2595 264 2635 in
281 2596 404 2647 majus
428 2623 441 2643 ,
472 2597 514 2638 &
530 2597 596 2636 lae·
659 2595 776 2654 gestae
799 2595 1049 2660 magnitudo.

39 2669 76 2697 π
103 2656 290 2698 nunciata
318 2657 404 2714 regi
435 2685 450 2707 ,
481 2660 598 2715 quam
