1680 3052
224 100 553 167 INDEX
620 100 1004 159 RERUM.
1158 109 1266 178 623‘

90 189 140 221 ex
183 176 340 220 uaestura
358 176 593 218 consulatum
613 176 708 228 petit
726 206 737 224 ,
766 179 806 216 &c
828 208 839 225 ,
859 177 1150 220 reclamantibus
1168 181 1269 221 duo·

37 229 108 274 bus
126 235 169 274 tri
201 235 280 274 unis
300 231 419 287 plebis
436 259 449 277 ‚
477 230 692 288 adipiscitur
707 261 718 281 ,
739 229 891 270 XXXII
909 262 919 275 ,
940 245 980 283 7.
1001 232 1149 274 sortitur
1174 246 1268 288 pro-

36 287 205 329 vinciam
226 287 502 330 Macedoniam
516 319 527 337 ,
547 287 584 327 8.
603 283 794 340 prohcisci
812 296 997 335 maturat,
1015 299 1056 338 9.
1076 289 1157 338 ejus
1178 299 1268 330 cum

11 337 212 397 Philippo
237 341 476 397 colloquium
493 369 506 387 ‚
540 352 604 384 10.
633 338 714 392 ejus
739 351 798 382 res
820 339 930 394 gestae
948 372 958 388 ,
982 353 1030 382 10
1050 373 1060 391 ,
1087 352 1132 382 12
1150 373 1161 392 ,
1188 356 1236 393 14
1253 371 1266 391 ,

41 406 92 445 15
109 428 119 446 ,
145 410 217 449 17,
238 398 301 439 18.
320 396 475 438 auctore
501 408 551 438 eo
571 426 582 446 ,
609 394 725 448 legati
746 406 768 435 a
796 394 909 436 fratre
928 393 1009 446 eius
1038 394 1079 436 L.
1103 397 1269 450 Quintio

38 448 90 491 ad
115 451 280 493 Achaeos
301 453 494 493 mittuntur
511 481 522 499 ,
556 462 620 503 19.
650 449 812 491 Elatiam
841 452 968 503 capit,
989 461 1057 499 24.
1081 450 1116 490 ei
1136 463 1271 503 promo

38 515 171 559 gatum
201 507 434 560 imperium,
471 506 536 547 28.
572 504 653 555 ejus
691 516 779 546 cum
813 516 905 558 rege
939 501 1111 558 Philippo
1147 505 1276 546 c01200

40 561 193 612 quium,
225 572 290 613 32.
319 560 356 600 ὃ·
382 561 490 616 fiqq.
522 563 556 602 ei
575 559 736 601 Uberum
765 558 960 600 arbitrium
1018 562 1096 601 acis
1114 571 1158 602 ac
1179 558 1272 600 belli

41 614 221 710 alsenam
246 616 457 670 permissum
477 647 489 668 ,
513 625 580 669 37.
603 613 730 656 Nabin
749 622 949 668 tyrannum
1010 614 1160 656 omanis
1175 624 1275 657 con·

43 679 79 711 ci
98 679 174 718 rat,
262 699 272 710 .
1202 714 1206 718 ,

100 725 128 764 it
145 724 182 764 in
201 680 395 767 139oeodam
409 752 422 771 ,
445 723 619 766 XXXIII
639 757 650 775 ‚
672 735 689 764 ι
703 723 931 778 ‚ingreditur
958 721 1114 765 Thebas
1136 753 1148 772 ,
1178 722 1279 767 ibid.

42 774 213 820 Boeotos
241 780 279 819 in
299 780 521 821 societatem
549 779 738 827 adsciscit,
762 791 798 819 2.
822 779 870 820 ad
889 778 1170 834 Thermopylas
1204 791 1279 820 ve-

44 833 103 875 vnit
119 865 129 883 ,
153 844 190 887 3.
209 835 447 888 progreditur
464 834 608 889 Xynias
626 863 638 880 ‚
654 835 751 876 ibid.
768 833 966 875 contendit
979 833 1029 874 ad
1045 831 1279 887 Philippum,

16 922 18 925 .
45 887 145 930 ibid.
166 900 300 931 movet
319 888 367 930 ad
386 889 540 930 Thebas
560 888 793 932 Phthioticas
809 921 821 939 ,
845 900 884 939 5.
912 890 1044 943 praeiio
1071 887 1118 929 ad
1137 888 1281 942 Cyno-

46 940 241 997 scephalas
259 945 378 987 viucit
394 941 608 998 Philippum
624 976 635 993 ,
655 956 694 995 7.
728 943 880 998 &seqq
907 941 1069 985 AEtolos
1092 941 1280 993 offendit,

52 1009 119 1040 11.
139 998 340 1040 consilium
371 997 486 1040 habet
513 998 563 1041 de
594 1011 691 1054 pace
710 1027 721 1047 ,
755 1011 820 1040 12.
854 996 934 1051 ejus
958 996 1199 1052 colloquium
1232 996 1281 1040 ad

47 1051 202 1107 Tempe
232 1066 320 1096 cum
346 1051 525 1108 Philippo
543 1084 555 1103 ,
586 1066 649 1109 13.
669 1053 840 1096 inducias
859 1054 894 1094 ei
915 1063 1078 1109 quatuor
1100 1052 1281 1095 mensmm

51 1108 266 1159 concedit,
293 1107 389 1147 ibid.
425 1108 624 1161 Boeotos,
654 1108 757 1163 quod
792 1108 931 1149 multos
977 1108 1176 1150 Romanos
1212 1119 1281 1162 per

50 1161 253 1204 latrocinia
287 1162 532 1211 occiderint,
570 1163 749 1214 multum,
788 1175 856 1215 29.
887 1162 1120 1217 promulgari
1153 1165 1190 1204 in
1226 1163 1284 1203 ln·

54 1217 112 1259 dis
143 1217 302 1259 Isthmus
334 1228 441 1260 curat
475 1218 687 1260 libertatem
720 1218 910 1269 Graeciae,
938 1228 1079 1270 32-34.
1116 1218 1151 1260 ei
1186 1228 1284 1272 prod·

54 1282 212 1327 rogatur
238 1274 436 1327 imperium
453 1303 463 1320 ,
502 1284 571 1325 43.

56 1327 140 1380 ejus
158 1327 292 1380 justitia
311 1328 351 1369 ὅ(
371 1329 621 1381 temperentia
641 1357 651 1372 ‚
670 1327 846 1369 XXXIV
865 1360 876 1378 ,
897 1340 965 1370 22,
987 1327 1032 1369 ad
1061 1339 1148 1369 eum
1176 1325 1289 1368 sena-

55 1383 326 1425 tusconsultum
345 1381 487 1423 missum
508 1414 518 1433 ‚
535 1395 613 1438 quo
632 1380 819 1424 adversus
841 1382 969 1423 Nabin
988 1382 1127 1423 bellum
1150 1381 1292 1423 decre-

57 1445 140 1479 tum
159 1467 170 1484 ,
191 1436 286 1476 ibid.
305 1448 542 1479 conventum
562 1436 733 1478 omnium
755 1438 943 1479 sociarum
964 1438 1161 1480 civitatum
1182 1436 1295 1490 lega-<-

59 1491 228 1534 tionibus
247 1491 365 1533 edIcit
384 1492 609 1533 Corinthum
625 1523 635 1541 ,
653 1493 748 1533 ibid.
777 1491 858 1543 eius
879 1490 928 1533 ad
949 1491 1110 1534 Graecos
1135 1493 1290 1544 oratio,

59 1547 160 1590 ibid.
179 1556 388 1589 exercsstum
410 1547 513 1588 ducit
533 1547 658 1601 Argos
680 1580 691 1594 .
720 1558 788 1598 25.
820 1547 914 1601 petit
940 1545 1262 1588 Lacedaemonem
1280 1571 1295 1597 ,

61 1602 131 1644 26.
153 1601 234 1653 ejus
252 1614 312 1643 res
333 1601 444 1656 gestae
472 1603 508 1642 in
543 1613 594 1644 eo
625 1601 744 1647 bello,
773 1601 916 1654 26-29.
946 1601 1181 1657 colloquium
1204 1613 1297 1643 cum

62 1655 250 1705 NabIde,
282 1667 428 1708 30-32.
457 1656 584 1699 socios
619 1656 667 1699 ad
704 1668 840 1711 pacem
868 1659 1067 1707 hortatur,
1103 1668 1185 1709 33,
1225 1667 1296 1709 34.

63 1723 140 1765 pax
169 1713 379 1754 convenire
413 1722 490 1752 non
524 1711 677 1766 potest,
711 1723 756 1765 35
781 1741 793 1760 ,
824 1711 886 1766 36.
914 1722 1063 1753 corona
1097 1717 1297 1766 oppugnat

35 1780 39 1783 “
65 1766 263 1821 Spartam,
288 1766 352 1817 33.
373 1766 539 1816 recedit,
562 1778 627 1819 39.
647 1766 818 1808 inducias
840 1765 1022 1809 concedit
1042 1766 1206 1816 Nabidi,
1225 1779 1300 1817 40,

65 1820 268 1876 praeficitur
285 1820 446 1862 Nemeis
464 1853 476 1871 ,
493 1833 560 1871 41.
583 1821 807 1863 AEtoloium
840 1822 875 1862 in
899 1820 949 1864 T.
973 1821 1174 1875 Quintium
1206 1832 1300 1875 que·

43 1922 45 1924 ,
67 1875 162 1919 relae
178 1908 189 1926 ,
209 1875 305 1914 ibid.
325 1875 514 1918 Graeciam
535 1876 775 1930 relinquens,
799 1875 1004 1931 alloquitur
1027 1875 1219 1918 sociorum
1249 1875 1302 1916 le·

69 1941 182 1985 gatos
205 1931 312 1981 ,48.
331 1942 398 1980 49.
432 1932 526 1984 petit
551 1932 598 1980 ab
633 1932 677 1972 iis
709 1940 750 1972 ut
776 1931 883 1973 cives
912 1930 1138 1979 Romanos,
1173 1929 1198 1970 si
1234 1928 1301 1985 qui

72 1984 174 2039 apud
201 1997 272 2026 eos
303 1986 337 2025 in
369 1986 547 2027 servitute
580 1985 715 2035 essent,
751 1985 981 2030 liberarent,
1019 1998 1082 2036 50.
1117 1985 1304 2027 Acroco-

72 2042 234 2082 rinthum
255 2070 266 2087 ,
289 2038 514 2081 Chalcidem
532 2068 545 2085 ,
564 2040 604 2080 ὅ(
633 2040 921 2082 Demetriadem
950 2039 1088 2081 liberat
1107 2070 1118 2088 ,
1140 2052 1203 2090 51.
1242 2039 1306 2080 tri·

73 2095 191 2138 duum
225 2094 455 2146 triumphat,
494 2104 561 2144 52.
590 2104 677 2137 ante
715 2093 794 2147 ejus
825 2107 975 2137 currum
1014 2094 1116 2135 multi
1152 2093 1306 2135 nobiles

77 2149 219 2204 captivi
249 2146 475 2202 obfidesque
508 2147 605 2190 dusti
625 2180 636 2198 ‚
666 2150 763 2191 inter
796 2162 894 2204 quos
930 2149 1150 2191 Demetrius
1169 2175 1182 2199 ,
1212 2146 1308 2190 Phi-

75 2205 165 2260 lippi
184 2204 301 2258 regis.
324 2203 364 2244 &
388 2204 603 2259 Armenes,
619 2202 804 2255 Nabidis,
821 2204 908 2250 filii,
931 2203 1026 2243 ibid.

50 2303 56 2309 ,
133 2259 278 2314 legatus
299 2258 335 2298 in
357 2257 544 2300 Graeciam
567 2258 745 2311 mittitur,
770 2259 951 2305 XXXV,
976 2269 1041 2312 23.
1069 2257 1158 2313 quid
1188 2256 1310 2312 egerit

77 2315 118 2359 in
153 2326 197 2356 ei
227 2314 419 2368 legatione
441 2345 454 2365 ,
475 2324 642 2356 narratur
662 2345 674 2364 ,
695 2326 741 2368 31
758 2338 771 2343 -
791 2325 838 2368 33
861 2346 871 2363 ,
896 2325 961 2368 39.
992 2313 1072 2366 ejus
1110 2313 1238 2355 oratio
1271 2313 1310 2353 In

79 2369 252 2414 concilio
273 2368 505 2410 Achaeorum
524 2399 536 2419 ,
564 2380 632 2422 49.
665 2369 798 2412 leniter
833 2371 1003 2423 increpat
1037 2369 1303 2423 Diophanem,

81 2427 289 2470 Achaerum
319 2433 523 2479 praetorem
545 2456 556 2476 ,
582 2423 780 2472 XXXVI,
801 2436 847 2478 31
887 2423 968 2476 ejus
990 2425 1115 2465 oratio
1149 2423 1186 2463 in
1215 2433 1314 2464 con-

82 2481 178 2525 cilio
201 2480 429 2522 Achaeorum
449 2508 461 2524 ‚
482 2489 548 2532 32,
565 2479 594 2521 it
609 2479 848 2535 NaupaRum
867 2511 880 2532 ,
901 2490 966 2534 34.
987 2478 1068 2533 ejus
1094 2489 1212 2532 opem
1246 2477 1315 2518 im-

84 2537 237 2592 plorant
259 2534 378 2576 AEtoli
397 2565 408 2582 ,
432 2534 528 2576 ibid.
911 2549 925 2559 ⁴

143 2601 294 2633 creatur
327 2590 463 2632 censor
483 2619 496 2642 ,
528 2588 752 2644 XXXVII,
788 2589 853 2646 58.
885 2587 968 2645 ejus
1002 2586 1170 2632 censurae
1202 2584 1284 2629 atta
1303 2613 1317 2638 ,

89 2643 305 2695 XXXVIII
324 2674 337 2699 ,
358 2645 426 2691 28.
706 2665 709 2667 >
961 2694 998 2741 D
1027 2698 1050 2742 d
1078 2697 1103 2752 ii
1145 2695 1148 2698 Δ
