1680 3052
290 116 401 186 ΞΜ
547 115 887 171 rumex
949 113 1351 172 Renum:

947 243 1000 286 R.

313 299 449 393 RH
467 364 485 394 1
500 362 521 394 s
536 364 600 395 1A
615 364 637 395 s
654 365 689 396 u
705 364 726 394 s
762 350 988 394 Pellenensis
1010 382 1021 401 ‚
1048 350 1230 397 XXXII,
1259 364 1327 395 22.
1353 353 1436 407 eius
1467 362 1606 400 contra

370 406 486 449 filium
503 407 754 461 Demiurgum
773 438 783 456 ,
806 407 962 448 nomine
983 405 1258 452 Memnonem,
1277 417 1494 455 certamen,
1507 411 1607 456 ibid.

310 459 457 504 Rhodii
494 462 607 517 legati
636 462 808 503 nuntiant
840 460 1006 503 Romam
1038 461 1133 503 Asiae
1165 461 1341 504 civitates
1371 477 1392 505 a
1429 463 1606 519 Philippo

366 515 557 558 sollicitari
573 548 584 565 ,
603 515 766 567 XXXI,
787 529 827 557 2.
845 515 985 557 navale
1012 515 1255 557 Rhodiorum
1287 527 1482 561 certamen
1513 532 1605 561 cum

363 570 549 625 Philippo
565 601 575 619 ‚
596 570 760 621 XXXI,
786 583 849 621 14.
869 571 917 612 ab
937 570 1228 612 Atheniensibus
1254 571 1402 614 corona
1426 575 1538 616 aurea
1561 576 1606 617 ὃς

362 626 524 669 civitate
562 624 782 670 donantur,
826 639 887 676 15.
925 637 1061 668 eorum
1097 625 1227 679 viginti
1263 638 1381 669 naves
1416 628 1606 671 Romanae

364 680 465 723 claffi
494 679 530 722 se
558 679 744 735 iungunt,
764 680 832 731 46.
857 679 949 720 Vid.
972 682 1008 720 ὁ·
1032 679 1208 724 XXXII,
1234 681 1298 723 16.
1331 694 1464 725 eorum
1489 684 1605 738 legati

364 733 416 776 ad
437 735 606 777 Achaeos
621 765 632 782 ‚
658 747 719 787 19.
738 746 826 777 cum
848 735 892 776 iis
912 735 1136 777 societatem
1169 735 1325 789 jungunt
1342 738 1475 779 Achaei
1494 770 1506 789 ‚
1532 752 1606 792 23.

363 799 598 844 recuperant
623 788 793 832 Peraeam
814 821 826 840 ‚
856 789 1054 838 XXXIII,
1093 790 1155 831 18.
1190 790 1342 833 mittunt
1369 791 1520 847 legatos
1551 793 1603 835 ad

363 844 606 887 Antiochum
626 877 639 897 ,
664 858 729 886 20.
767 853 919 886 tuentur
949 844 1077 886 socios
1112 843 1339 891 Ptolemaei,
1365 847 1461 890 ilud.
1494 849 1605 890 acci-

362 900 473 954 piunt
495 898 776 942 Stratoniceam
804 900 926 942 Cariae
943 930 953 949 ‚
973 900 1135 950 aliasque
1163 899 1277 942 urbes
1297 932 1307 949 ‚
1327 911 1392 953 30.
1425 902 1461 943 in
1493 902 1605 945 bello

363 953 556 996 adversus
583 954 818 995 Antiochum
838 985 849 1000 ,
881 956 1032 996 mittunt
1049 954 1200 996 classem
1222 954 1367 997 auxillo
1387 955 1568 999 Romanis
1589 990 1604 1008 ,

363 1009 574 1059 XXXVI,
604 1022 673 1060 45.
691 1007 917 1057 XXXVII,
936 1021 978 1063 9.
1009 1009 1122 1051 claffis
1150 1021 1286 1052 eorum
1319 1011 1543 1064 opprimitur
1578 1025 1603 1054 a

362 1061 609 1118 Polyxenida
632 1096 643 1113 ,
660 1076 733 1115 10,
757 1076 819 1105 11.
839 1077 975 1106 eorum
998 1063 1118 1106 lu&us
1138 1094 1150 1113 ,
1177 1077 1223 1105 ac
1250 1065 1389 1106 deiude
1426 1066 1478 1106 ira
1494 1097 1506 1116 ‚
1535 1080 1604 1110 12.

363 1120 528 1161 viucunt
555 1118 704 1161 classem
736 1119 955 1169 Antiochi,
976 1131 1054 1172 23,
1095 1132 1161 1169 24.
1194 1119 1287 1162 Vid.
1311 1121 1347 1159 6·
1379 1131 1443 1172 30.
1474 1121 1602 1163 oratio

362 1185 504 1217 eorum
524 1173 559 1214 in
580 1174 707 1214 senatu
726 1183 862 1215 contra
882 1174 1093 1218 Eumenem
1112 1204 1124 1226 ‚
1144 1186 1210 1228 54.
1226 1172 1344 1230 LycIa
1363 1175 1406 1217 ὅ(
1423 1174 1538 1218 CarIa
1552 1176 1602 1219 iIs

361 1228 529 1283 dantur,
549 1226 789 1281 XXXVIII,
812 1239 880 1284 39.
940 1285 964 1328 S

312 1339 459 1438 SAc
478 1406 507 1437 E
524 1406 556 1437 R
586 1406 678 1451 ager
710 1394 814 1450 apud
852 1395 1026 1439 Milesios
1045 1426 1056 1447 ‚
1088 1394 1305 1448 XXXVII,
1330 1407 1397 1449 39.

305 1447 546 1493 Sacerdotes
565 1450 689 1493 coasti
711 1450 932 1505 stipendium
953 1451 1045 1492 dare
1065 1450 1101 1492 in
1120 1450 1264 1493 bellum
1283 1484 1294 1502 ,
1310 1449 1504 1502 XXXIII,
1526 1463 1602 1502 42.

363 1505 552 1560 Abydeni
581 1519 669 1548 cum
695 1505 817 1548 infulis
849 1505 899 1548 ad
925 1505 1140 1549 dedendam
1158 1505 1337 1561 Philippo
1362 1506 1497 1549 urbem
1516 1509 1600 1549 mit·

362 1568 493 1602 tuntur
511 1593 523 1611 ,
545 1559 707 1612 XXXI,
732 1574 799 1613 17.
998 1588 1003 1594 ·

306 1611 545 1657 Sacerdotes
568 1616 818 1658 Athenienses
839 1629 926 1660 cum
953 1615 1152 1670 insignibus
1180 1614 1254 1656 suis
1283 1614 1440 1657 obviam
1461 1615 1598 1657 Attalo
1645 1644 1647 1652 s

364 1669 585 1724 prodeunt,
602 1670 765 1721 XXXI,
786 1683 850 1722 14.
868 1672 1051 1714 exsecrari
1073 1671 1276 1727 quotannis
1293 1669 1469 1722 jubentur
1500 1669 1600 1712 Phi-

362 1725 510 1780 lippum
523 1757 533 1776 ,
555 1725 698 1768 liberos
717 1726 798 1778 ejus
813 1759 824 1777 ,
845 1738 1082 1782 regnumque
1098 1757 1109 1775 ‚
1128 1724 1265 1766 XXXI
1290 1757 1300 1775 ,
1323 1738 1392 1776 44.

307 1777 525 1826 Seleucus,
557 1781 741 1823 Antiochi
772 1781 869 1823 filius
887 1813 898 1831 ‚
933 1780 1130 1827 XXXIII,
1166 1792 1235 1829 41.
1265 1780 1469 1824 XXXVI,
1490 1793 1531 1831 7.
1557 1778 1598 1822 ei

365 1834 601 1890 Lysimachia
634 1835 740 1878 sedes
771 1848 792 1878 a
818 1847 923 1891 patre
946 1836 1031 1878 data
1050 1864 1062 1881 ,
1082 1834 1257 1884 XXXV,
1295 1834 1358 1875 16.
1379 1835 1415 1875 in
1433 1834 1597 1878 AEolide

361 1890 587 1945 relinquitur
631 1903 651 1931 a
687 1900 793 1945 patre
826 1891 875 1932 ad
916 1891 1123 1932 maritimas
1163 1888 1278 1930 urbes
1311 1889 1563 1931 continendas
1582 1918 1597 1938 ‚

360 1945 584 1997 XXXVII,
614 1946 653 1986 8.
683 1946 817 1999 recipit
853 1945 1084 1990 Phocaeam,
1128 1957 1190 1985 11.
1224 1942 1451 1997 Pergamum
1473 1955 1600 1997 oppu-

360 2009 452 2055 gnat
472 2033 481 2049 ,
507 2001 571 2042 18.
592 2013 680 2043 eum
699 2013 747 2042 ex
768 2000 1006 2054 Pergameno
1027 2010 1122 2054 agro
1149 1997 1348 2042 discedere
1371 1999 1478 2053 cogit
1494 1998 1599 2040 Dio-

362 2059 507 2109 phanes
528 2065 669 2108 praetor
687 2055 920 2096 Achaeorum
943 2087 954 2105 ‚
976 2068 1046 2097 21.

306 2108 362 2157 C.
381 2109 627 2163 Sempronius
660 2108 806 2151 Rutilus
822 2138 832 2154 ‚
863 2109 1033 2151 tribunus
1067 2105 1189 2161 plebis
1207 2136 1220 2157 ,
1238 2104 1311 2150 Μ’.
1337 2105 1472 2150 Acilio
1498 2107 1598 2151 Gla-

365 2165 490 2207 brioni
513 2165 613 2206 diem
638 2164 756 2215 dicit,
775 2163 1000 2209 XXXVII,
1031 2174 1096 2215 57.

306 2218 361 2266 C.
378 2220 624 2274 Semproniis
644 2219 879 2261 Tuditanus,
903 2231 1017 2273 quum
1037 2216 1153 2259 aedilis
1173 2216 1294 2271 plebis
1320 2216 1411 2260 effet
1427 2249 1438 2268 ‚
1456 2225 1596 2272 praetor

361 2285 517 2318 creatur
531 2305 542 2324 ,
562 2273 741 2319 XXXII,
761 2287 829 2324 27.
851 2274 1000 2316 sortitur
1019 2272 1233 2326 Hispaniam
1256 2272 1509 2322 citeriorem,
1524 2273 1596 2318 28.

360 2330 484 2374 viilus
508 2331 634 2393 prje'io
656 2329 704 2371 ab
726 2327 762 2371 H
779 2329 923 2384 spanis,
940 2341 988 2371 ex
1002 2326 1164 2370 vulnere
1185 2329 1345 2369 moritur
1363 2355 1378 2374 ,
1395 2325 1612 2392 xxxm„

302 2383 895 2494 Μῗὲὲιξιὲῗὲιῐξῗιῖςῂξιῖἓξῑέιὲζξ,
913 2438 1082 2481 tribunus
1115 2436 1240 2500 plebis
1256 2466 1268 2483 ‚
1289 2450 1338 2480 ex
1371 2435 1594 2500 a11&oritate

354 2493 510 2538 Patruan
532 2494 684 2549 plebem
705 2503 816 2546 rogat
833 2525 842 2541 ‚
861 2503 902 2535 ut
937 2507 1025 2537 cum
1060 2494 1173 2535 sociis
1209 2505 1253 2534 ac
1280 2504 1438 2533 nomine
1455 2490 1592 2533 Latino

359 2563 533 2648 ἒᾶἓχκῗ
551 2547 780 2655 &elffii
797 2545 1594 2657 {3323}q¹32³>l>⁶<¹5t10³1³5⁰³s3353÷⁶3321

330 2654 335 2662 '
361 2660 449 2702 liam
468 2635 709 2714 pro'vinciam
724 2691 733 2707 ,
758 2670 821 2709 ςο.
952 2635 963 2654 ’
1515 2652 1531 2664 “

306 2713 351 2762 Ρ.
373 2713 787 2773 SeinpronIusBlaesus,
805 2713 976 2759 tribunus
993 2712 1140 2771 plebis,
1154 2711 1198 2760 P.
1211 2712 1402 2763 CorneIIO
1421 2709 1592 2770 Scipioni
1661 2709 1680 2779 ἑ
