1680 3052
258 109 628 194 LIBERs
689 131 1066 191 XXXIV.
1195 147 1304 211 233

49 228 204 269 turum
224 232 350 265 ratus
377 227 475 264 erat
492 251 505 274 ‚
535 210 696 262 consul
715 212 820 262 fieri
842 215 988 262 etiam
1013 211 1161 273 vidit3
1187 230 1315 280 equo
1333 225 1510 276 U-c-557

8 295 10 299 ’
52 284 196 334 citato
231 283 387 332 subter
419 298 606 330 murum
636 278 840 329 hostium
879 281 938 327 ad
975 280 1200 328 cohortes
1233 283 1319 329 ad·
1337 281 1508 333 ‹QG-195

0 339 11 412 l
49 351 242 401 vehitur·
263 368 273 399 :
303 366 443 414 atque
465 366 542 396 eas
566 365 776 415 arreptas
798 385 812 403 ,
845 345 996 396 effufis
1015 348 1236 395 omnibus
1259 349 1320 397 ad

49 418 316 485 sequendos
354 415 688 476 Suessetanos,
721 415 814 481 qua
843 414 1078 463 silentium
1116 431 1170 462 ac
1202 414 1317 463 soli-

46 488 166 535 tudo
202 501 334 545 erat‚
363 486 410 532 in
449 484 614 532 urbem
650 484 866 530 inducit:
902 482 1115 548 priusque
1150 484 1314 531 omnia

46 555 208 619 cepit,
238 552 381 619 quam
406 549 451 600 se
479 552 750 615 reciperent
767 549 995 600 Lacetani
1019 567 1032 608 3
1055 568 1171 598 mox
1188 548 1317 616 ipsos

44 621 160 672 nihil
182 635 352 687 praeter
388 634 516 668 arma
549 619 782 668 habentes
817 622 865 666 in
902 617 1202 667 deditionem
1228 635 1316 666 ac-

45 690 186 755 cepit.

112 753 247 804 XXI.
273 753 542 804 Confestim
575 754 686 803 inde
711 753 865 804 victor
885 753 945 803 ad
977 752 1214 820 Vergium
1238 771 1319 802 ca-

43 822 186 874 strum
219 822 378 883 ducit3
407 823 763 887 receptaculum
800 822 849 869 id
882 822 1087 871 maxime
1120 821 1319 887 praedo-

43 909 156 941 num
183 906 282 940 erat
313 908 324 938 ε
362 891 413 939 &
446 891 557 939 inde
591 888 882 939 incursiones
914 892 962 937 in
995 907 1136 956 agros
1171 908 1319 955 paca-

41 973 118 1009 tos
169 973 187 1005 1
236 961 496 1025 provinciae
525 956 627 1022 ejus
660 957 854 1006 fiebant.
887 955 1167 1023 Transfugit
1201 957 1314 1006 inde

43 1026 105 1076 ad
137 1027 379 1075 consulem
410 1029 632 1092 princeps
655 1023 979 1092 Vergestanus
1001 1041 1012 1072 2
1031 1026 1082 1073 δὲ
1110 1041 1315 1092 puxgare

41 1092 88 1144 se
127 1112 181 1143 ac
228 1094 486 1160 populares
520 1094 696 1160 coepit,
731 1113 820 1142 non
855 1092 933 1158 effie
962 1095 1010 1141 in
1040 1111 1176 1140 manu
1206 1095 1315 1160 ipsis

39 1163 356 1228 rempublicam
380 1181 399 1221 ,-
434 1165 663 1227 praedones
695 1176 894 1225 receptos
927 1176 1064 1209 totum
1099 1161 1194 1225 [αα
1219 1180 1314 1226 po-

34 1228 209 1296 stestatis
243 1233 294 1279 id
336 1233 518 1294 castrum
544 1227 714 1295 feciffi‘.
746 1226 928 1277 Consul
965 1245 1075 1277 eum
1110 1229 1315 1278 domum

39 1297 195 1346 redire
219 1335 234 1358 ‚
269 1297 474 1346 conficta
511 1298 666 1363 aliqua
700 1295 938 1362 probabili
982 1314 1063 1345 cur
1097 1296 1315 1347 abfuisset

38 1364 204 1424 causa,
228 1363 369 1429 juffit.
394 1371 542 1431 Quum
561 1366 612 1431 fix
642 1362 964 1430 murossubzffe
989 1380 1214 1423 cerneret,
1237 1366 1313 1413 i.·z-

38 1433 264 1498 tentosque
304 1437 538 1499 praedones
570 1434 634 1480 ad
659 1435 828 1481 tuenda
862 1434 1024 1482 moem'a
1060 1432 1139 1495 effe
1156 1451 1177 1492 ;
1216 1449 1312 1482 tum

40 1501 224 1550 uticum
246 1501 339 1567 suae
357 1499 568 1561 faHionis
598 1501 852 1550 hominibus
884 1499 1141 1564 memimffit
1161 1519 1308 1550 arcem

29 1586 276 1635 occupare.
298 1565 386 1630 Id,
421 1569 491 1618 uti
522 1583 848 1635 praeceperat,
872 1567 1063 1617 facium.
1083 1567 1311 1635 Repente

38 1653 213 1703 anceps
240 1651 395 1687 terror
412 1674 428 1698 ‚
456 1636 565 1685 hinc
585 1653 747 1687 muros
774 1636 1172 1687 adscendentibus
1196 1636 1311 1687 Ro-

38 1706 191 1755 manis
208 1742 224 1766 ‚
251 1706 381 1755 illinc
402 1722 510 1756 arce
545 1707 684 1773 capta
702 1743 716 1767 ‚
745 1705 970 1755 barbaros
992 1704 1309 1758 circumvafit.

33 1770 194 1836 Hujus
221 1776 399 1839 potitus
433 1775 529 1824 loci
558 1774 756 1837 consul,
788 1791 872 1825 eos
913 1776 996 1842 qui
1030 1792 1191 1826 arcem
1225 1789 1309 1825 te-

36 1856 266 1901 nuerant,
298 1843 474 1892 liberos
505 1841 596 1893 effe
629 1861 737 1892 cum
773 1845 989 1911 cognatis
1017 1842 1191 1911 suaque
1221 1843 1309 1892 ha-

36 1907 153 1957 bere
173 1907 313 1972 juffit.
332 1909 658 1977 Vergestanos
676 1927 864 1961 ceteros
885 1909 1106 1977 quaestori
1124 1926 1176 1961 ut
1189 1928 1311 1961 ven-

31 1974 176 2033 deret
202 2012 218 2032 ,
259 1979 551 2042 imperavit:
591 1979 651 2029 de
684 1979 990 2045 praedonibus
1023 1978 1310 2045 supplicium

34 2040 243 2106 sumpsit.
275 2043 444 2093 Pacata
461 2047 743 2111 provincia,
765 2047 1016 2113 vefflgalia
1036 2065 1205 2114 magna
1231 2049 1311 2095 in-

32 2107 181 2160 stituit
210 2127 238 2157 2
262 2128 322 2161 ex
353 2110 555 2162 ferrariis
583 2113 946 2181 argentariisque
971 2131 981 2161 ι
1011 2115 1182 2181 quibus
1204 2130 1309 2164 tum

34 2176 252 2228 institutis
268 2217 286 2239 ,
313 2179 602 2246 locupletior
622 2185 671 2231 in
698 2182 798 2233 dies
826 2184 1076 2249 provincia
1095 2182 1197 2233 fuit.
1220 2181 1311 2232 Ob

34 2243 118 2293 has
153 2263 228 2295 res
257 2246 409 2314 gestas
449 2250 497 2296 in
527 2249 785 2316 Hispania,
826 2250 1224 2316 supplicationem
1259 2255 1311 2302 in

33 2312 244 2363 triduum
271 2313 433 2365 Patres
462 2316 793 2369 decreverunt.
827 2317 1014 2368 Eadem
1044 2318 1200 2369 aestate
1232 2320 1310 2369 al-

102 2428 119 2457 1
137 2416 356 2461 Provinciae
366 2420 479 2475 ejus]
493 2422 635 2477 Super·
738 2434 767 2464 2
782 2423 849 2463 Ex
858 2421 1042 2476 ferrariis
1056 2420 1307 2479 argentariis·

34 2476 114 2519 flua
135 2477 189 2518 est
206 2493 287 2520 vox
307 2481 400 2533 ejus.
423 2482 637 2525 Provincia
697 2500 782 2539 que.
802 2525 811 2533 ‚
831 2485 994 2525 Fodinis
1014 2485 1055 2526 &
1071 2484 1239 2524 officinis
1253 2485 1304 2526 ad

35 2537 89 2579 fic
103 2538 207 2580 nude
223 2540 262 2580 ὃ(
275 2540 351 2581 fine
365 2544 636 2588 additamento
697 2547 846 2587 ferrum
869 2547 908 2587 &
934 2557 1140 2601 argentum
1162 2560 1306 2586 eruen-

34 2598 161 2653 pofita
205 2599 394 2655 fignificat
427 2607 633 2662 regionem
697 2608 788 2648 dum
809 2636 820 2655 ‚
856 2607 1161 2661 excoquendum
1183 2635 1194 2653 ‚
1232 2620 1307 2650 ex-

29 2672 241 2716 patentem
260 2662 467 2718 Romanis.
694 2670 1025 2728 purgandumque
1052 2667 1258 2712 institutis.
