1680 3052
257 133 302 192 1,
344 147 368 189 1
412 145 448 188 n
493 144 529 186 ε
574 143 615 186 n
699 124 1062 186 XXXIV.
1191 142 1302 206 225

0 196 7 254 Ρ
40 213 204 263 vocari
231 215 444 264 tribunos
465 249 480 270 ,
502 203 845 276 praefeflosque
869 245 883 267 ‚
913 207 966 256 &
985 207 1171 272 equites
1198 225 1306 256 om-

41 287 123 329 nes
141 318 155 342 ,
173 282 226 331 &
245 281 546 330 centuriones
567 275 709 341 juffit.
734 279 925 341 Tempus
945 312 959 334 ‚
982 276 1134 339 inquit
1153 311 1166 333 ‚
1187 278 1309 339 quod

29 346 147 412 sape
185 349 367 414 optastis
395 384 410 407 ,
445 346 608 403 venit,
648 361 734 408 quo
780 343 910 391 vobis
949 343 1143 408 potestas
1182 344 1305 403 fieret

39 416 243 465 viritatem
263 417 441 481 vestram
463 413 729 479 ostendendi.
746 411 916 460 Adlzuc
928 412 1188 475 praedonum
1209 427 1304 456 ma-

0 473 2 483 *
35 483 108 546 gis
125 519 142 540 ,
164 485 296 547 quam
323 482 588 529 bellantium
620 479 843 545 militastis
869 496 985 525 more
1008 495 1021 525 :
1041 495 1161 525 nunc
1182 474 1305 543 justa

33 550 191 614 pugna*
217 551 352 615 hostes
381 565 478 596 cum
509 547 698 613 hostibus
728 546 964 611 conferetis
991 562 1155 593 manus
1170 561 1191 602 ,·
1213 563 1307 593 non

39 634 168 681 agros
190 617 293 665 inde
309 616 528 683 populari
542 652 559 673 ‚
569 615 655 678 sed
673 614 849 663 urbium
868 632 973 680 opes
996 614 1175 662 haurire
1195 612 1308 661 lice-

37 682 118 732 bit.
142 683 307 732 Patres
330 684 493 750 nostri,
519 700 653 748 quum
684 682 919 748 Hispania
954 681 1309 747 Carthaginien—

28 751 144 822 stum
162 788 181 809 ‚
205 752 249 800 δ’
285 752 575 817 imperatores
606 750 670 797 ibi
706 750 750 797 6¹
783 750 1006 798 exercitus
1034 747 1166 811 effint
1184 785 1201 806 ,
1223 749 1313 813 ipsi

36 819 210 867 nullum
241 820 546 885 imperatorem
570 854 584 877 ‚
613 818 766 865 nullos
799 818 848 866 in
884 835 938 864 ea
966 817 1133 864 milites
1168 815 1309 863 habe-

36 901 130 934 rent
147 922 162 946 ‚
183 902 330 935 tamen
361 887 524 934 addere
541 886 621 934 hoc
638 886 686 932 in
693 883 861 949 foedere
888 885 1130 932 voluerunt
1146 920 1160 943 ,
1189 898 1208 948 5
1240 884 1310 931 Ue

36 951 211 1019 imperii
232 953 307 1021 sui
324 954 479 1002 Iberus
489 955 670 1019 fluvius
702 951 800 1014 effet
819 952 950 1016 finis.
975 953 1118 1000 Nunc
1138 989 1154 1008 ,
1173 969 1309 1015 quum

35 1022 126 1069 duo
152 1038 365 1087 praetores
387 1060 402 1082 ‚
423 1038 556 1086 quum
588 1019 742 1084 conficl
763 1057 778 1081 ,
803 1036 939 1085 quum
966 1035 1054 1068 tres
1083 1020 1310 1067 exercitus

33 1090 232 1139 Romani
263 1090 539 1155 Hispaniam
578 1089 809 1137 obtineant
833 1124 851 1146 ‚
875 1088 1311 1153 Carthaginiensium

26 1153 129 1221 jam
150 1176 291 1224 prope
311 1160 456 1205 decem
475 1158 608 1205 annis
627 1172 751 1203 nemo
773 1157 820 1203 in
841 1155 911 1204 his
938 1156 1194 1221 provinciis
1211 1157 1276 1219 fit
1296 1192 1311 1215 ‚

37 1225 269 1289 imperium
293 1225 422 1274 nohis
447 1226 560 1273 citra
582 1224 757 1272 Iberum
784 1221 986 1287 amiffum
1014 1225 1083 1288 est.
1100 1224 1202 1271 Hoc
1231 1241 1313 1270 ar·

38 1295 123 1339 mis
163 1294 207 1341 δ’
246 1294 411 1343 virtute
446 1293 710 1358 recuperetis
745 1305 966 1357 oportet-3
1005 1291 1050 1339 δ’
1086 1291 1314 1339 nationem

36 1359 322 1408 rebellantem
350 1362 492 1426 magis
522 1376 675 1408 temere
699 1360 831 1424 quam
859 1360 1105 1425 constanter
1129 1358 1315 1406 bellan-

35 1440 118 1474 tem
142 1464 154 1486 ‚
168 1426 327 1494 jugum
357 1446 443 1492 quo
464 1428 516 1490 se
539 1429 667 1475 exuit
685 1463 700 1486 ‚
720 1428 924 1490 accipere
951 1426 1102 1491 rursus
1121 1426 1313 1492 cogatis.

33 1490 90 1543 In
124 1494 246 1542 hunc
283 1495 483 1543 modum
519 1495 725 1543 maxime
755 1495 1034 1543 adhortatus
1057 1511 1317 1558 ‚pronun-

35 1561 126 1609 ciat
161 1561 207 1611 se
240 1561 382 1612 nocte
413 1562 475 1610 ad
509 1561 656 1612 castra
686 1561 894 1612 hostium
922 1560 1174 1612 duciurum
1198 1578 1215 1622 3
1250 1563 1316 1610 ita

36 1628 96 1677 ad
132 1647 336 1696 corpora
373 1631 582 1679 curanda
609 1628 800 1679 dimiffi.
1025 1668 1029 1672 -
1079 1660 1086 1668 ·

79 1695 217 1748 XIV.
239 1697 411 1747 Media
432 1697 571 1747 nocte
594 1715 742 1765 quum
760 1697 971 1765 auspicio
993 1713 1194 1763 operam
1215 1696 1313 1746 de·-

36 1762 170 1815 diffet
188 1804 204 1828 ‚
234 1765 476 1831 profe5h15
498 1804 512 1825 ,
533 1783 583 1816 ut
605 1768 779 1816 locum
798 1783 944 1833 quem
965 1766 1114 1815 vellet
1133 1803 1148 1825 ‚
1165 1763 1316 1832 prius-

33 1849 177 1897 quam
216 1833 370 1884 hostes
395 1834 654 1895 sentirent,
695 1850 923 1901 caperet‚
956 1848 1129 1900 praeter
1163 1832 1310 1883 castra

33 1899 239 1949 hostium
274 1902 584 1952 circumducit
613 1941 631 1961 ,
671 1901 721 1951 &
750 1903 905 1969 prim&
940 1902 1047 1950 luce
1089 1902 1190 1951 acie
1231 1903 1311 1949 in-

33 1965 230 2029 structa,
254 1968 334 2019 sub
367 1969 517 2035 ipsum
546 1971 728 2020 vallum
758 1985 853 2019 tres
888 1971 1117 2019 cohortes
1147 1970 1314 2018 mittit.

33 2034 268 2085 Mirantes
304 2039 490 2087 barbari
530 2039 588 2087 ab
632 2054 774 2104 tergo
819 2035 1084 2104 apparuisse
1118 2036 1315 2086 Roma-

32 2120 148 2152 num
169 2141 183 2164 ,
223 2102 482 2155 discurrere
515 2104 601 2173 ipsi
639 2106 699 2155 ad
737 2123 884 2154 arma.
913 2103 1112 2154 Interim
1145 2104 1311 2154 consul

34 2173 162 2238 apud
191 2171 297 2222 suos
318 2211 332 2233 ‚
355 2174 624 2239 Nufipuum⁹
651 2176 738 2238 nisi
763 2176 927 2224 virtute
948 2175 1055 2240 spes
1078 2173 1133 2239 est
1149 2211 1165 2234 ‚
1186 2173 1317 2221 mili-

35 2254 100 2288 tes
114 2278 127 2300 ,
149 2241 301 2307 inquit
317 2279 331 2302 ,
351 2242 396 2290 δ’
414 2261 489 2308 ego
510 2242 669 2306 fidulo
695 2260 750 2290 ne
769 2240 868 2306 effet
886 2240 984 2305 feci
1001 2260 1022 2300 ,·
1039 2243 1155 2289 inter
1172 2243 1315 2307 castra

36 2310 181 2372 nostra
209 2310 252 2357 6³
284 2329 368 2358 nos
400 2311 733 2378 mediiszosteb·
769 2311 824 2357 ab
851 2326 968 2376 tergo
1001 2310 1184 2374 hostium
1212 2326 1318 2375 ager

1319 206 1433 261 U.c.5
1446 223 1513 264 57.

1318 265 1512 319 a.(j.1<)5,

1350 323 1512 363 Catonis

1316 385 1445 423 oratio
1459 386 1512 425 ad

1312 443 1478 490 MilitCS·

37 2377 130 2440 est;
159 2379 278 2441 quod
307 2379 654 2443 pulcherrimum
674 2414 690 2436 ‚
723 2379 840 2425 idem
875 2376 1125 2441 tutzffi'mum
1158 2378 1247 2442 est,
1266 2394 1315 2424 in
1362 2412 1365 2414 -

37 2442 200 2493 virtute
231 2444 354 2509 spem
395 2447 585 2511 positam
617 2445 792 2493 habere.
823 2444 920 2493 Sub
954 2446 1056 2492 haec
1087 2444 1316 2493 cohortes

46 2511 196 2576 recipi
223 2508 359 2575 jubet
382 2549 396 2573 ,
417 2528 469 2561 ut
500 2512 730 2562 barbaros
753 2510 1054 2562 simulatione
1084 2511 1209 2579 fugae
1232 2511 1322 2560 eli-

105 2667 127 2709 5
152 2653 210 2697 Ut
227 2655 378 2713 imperii
402 2653 465 2712 sui
483 2654 783 2714 Iberus.]Vid.
811 2656 1048 2766 supre'kXXI
1068 2685 1082 2704 ‚
1112 2668 1157 2703 2.

977 2733 1011 2767 V

1375 2442 1520 2498 Hostes

1331 2507 1382 2545 ad
1441 2524 1523 2563 pn-

1324 2582 1438 2624 gnam
1452 2571 1525 2611 eli·

1330 2643 1400 2672 ‘llo
