1680 3052
0 181 2 193 ,
138 186 141 188 μ
280 127 630 186 Lr-Bssn
710 123 1033 185 XXXV.
1196 141 1315 205 307

57 256 62 258 .
109 204 227 259 XV.
250 208 422 257 Villius
455 209 513 256 ab
537 206 725 273 Epheso
749 206 1019 272 Apameam
1052 207 1275 271 proceffit
1294 222 1520 275 3U.c.559'.‘

45 275 108 328 δῖ)
138 278 188 325 &
215 276 484 325 Antiochus
508 312 521 336 ‚
561 275 725 323 audito
753 273 1089 322 Romanorum
1120 275 1514 340 legato-a.C.193.

43 362 148 395 rum
200 344 408 392 adventu
443 381 458 401 ,
511 344 731 391 occurrit.
773 343 1009 407 Apameae
1056 341 1314 408 congreffis

0 435 1 440 ¹
46 411 326 477 disceptatio
361 411 531 459 eadem
558 409 709 459 ferme
736 407 849 468 fuit,
870 427 975 475 quae
992 407 1163 457 Romae
1189 411 1314 457 inter

43 477 298 544 Quintium
320 478 574 545 &legatos
592 479 718 545 regis
742 475 911 526 fuerat.
931 476 1069 526 Mors
1091 478 1313 524 nunciata
1337 481 1518 524 Morient-

43 546 271 597 Antiochi
307 544 390 593 filii
422 548 545 613 regis
566 583 580 607 ,
625 562 771 612 quem
806 542 990 592 missum
1027 544 1172 610 paulo
1205 545 1420 610 anterfgis
1451 544 1516 602 fi«

41 613 255 664 dixeram
279 616 326 661 in
351 611 541 678 Syriam
563 652 576 674 ,
608 613 799 662 diremit
823 612 1082 679 colloquia.
1109 603 1421 678 Magni-15²³&-

42 680 188 733 luPtus
221 682 268 728 in
313 684 443 746 regia
479 680 605 738 fuit,
629 696 956 747 magnumque
995 677 1096 743 ejus
1127 676 1319 744 juvenis

40 748 343 798 desiderium.
365 748 420 796 ld
449 751 575 797 enirn
599 747 696 813 jam
727 747 973 814 specimen
1001 747 1068 796 sui
1091 746 1320 808 dederat,

43 829 95 866 ut
116 854 129 875 ,
159 815 192 864 si
226 820 324 865 vita
353 817 546 883 longior
582 814 882 882 contigisset,
918 816 1081 882 magni
1117 812 1320 881 justique

42 886 164 951 regis
198 886 245 932 in
279 901 341 933 eo
371 885 586 932 indolem
622 882 754 932 fuisse
785 899 1056 949 appareret.
1090 882 1209 947 Quo
1237 901 1319 930 ca·-

41 954 139 1001 rior
163 953 508 1018 acceptiorque
536 952 757 1000 omnibus
789 967 889 999 erat
915 988 928 1009 ‚
960 951 1021 999 eb
1053 969 1184 999 mors
1215 949 1322 1015 ejus

42 1018 295 1085 suspeciior
334 1020 419 1069 fuit
458 1042 467 1069 :
503 1035 697 1086 gravem
742 1017 1054 1067 successorem
1089 1035 1200 1067 eum
1237 1021 1319 1066 in·

41 1085 159 1136 stare
183 1087 410 1136 seneffluti
432 1086 520 1135 suae
557 1102 743 1152 patrem
770 1085 1053 1134 credentem
1074 1123 1086 1145 ,
1110 1103 1196 1152 per
1216 1085 1321 1151 spa·-

43 1154 196 1204 dones
233 1154 464 1221 quosdam
497 1191 512 1214 ,
546 1155 710 1202 talium
745 1153 1010 1202 ministeriis
1048 1152 1318 1204 facinorum

40 1239 270 1288 acceptos
298 1223 489 1289 regibus
512 1259 526 1282 ,
552 1238 747 1270 veneno
785 1219 1021 1270 sustuliffe.
1041 1219 1159 1269 Eam
1189 1239 1321 1287 quo-

42 1307 138 1356 que
179 1290 365 1338 causam
415 1287 707 1339 clandestino
750 1287 951 1337 facinori
992 1288 1320 1353 adjiciebant,

42 1358 177 1422 quod
201 1395 214 1416 ‚
237 1375 384 1424 quum
417 1356 623 1406 Seleuco
656 1356 754 1405 filio
777 1356 1129 1423 Lyfimachiam
1159 1356 1320 1405 dedis-

42 1424 112 1474 set
138 1462 152 1485 ,
184 1425 432 1474 Antiocho
453 1442 597 1491 quam
618 1423 821 1474 similem
848 1425 982 1475 daret
1000 1424 1161 1474 sedem
1185 1461 1199 1484 ‚
1218 1423 1248 1473 8
1267 1438 1322 1474 ut

42 1494 211 1560 procul
242 1494 300 1541 ab
335 1492 381 1541 se
423 1493 612 1542 honore
648 1510 759 1542 eum
796 1509 989 1559 quoque
1029 1493 1274 1559 ablegaret
1298 1528 1319 1554 ,

42 1578 144 1610 non
178 1559 425 1610 habuisset.
446 1560 615 1628 Magni
645 1575 806 1611 tamen
840 1559 989 1610 luchiis
1020 1560 1201 1627 species
1229 1577 1320 1626 per

43 1628 228 1696 aliquot
267 1628 366 1678 dies
403 1631 586 1696 regiam
618 1632 769 1680 tenuit
790 1647 799 1678 :
820 1628 1096 1696 legatusque
1123 1627 1320 1678 Roma-

45 1714 134 1746 nus
155 1734 172 1756 ‚
203 1713 264 1747 ne
300 1697 460 1746 alieno
492 1713 715 1765 tempore
750 1698 1092 1747 incommodus
1127 1697 1321 1746 obver-

44 1763 257 1826 saretur,
293 1764 580 1833 Pergamum
617 1764 863 1817 conceffit.
897 1766 1003 1814 Rex
1038 1764 1278 1832 Ephesum
1301 1802 1321 1826 ,

43 1831 214 1882 omiss'o
245 1833 378 1900 quod
401 1834 712 1884 inchoaverat
745 1834 879 1883 bello
901 1871 917 1895 ‚
936 1834 1077 1883 rediit
1103 1851 1116 1893 3
1142 1834 1207 1881 ibi
1231 1849 1320 1898 per

43 1900 222 1950 lucium
255 1901 386 1968 regia
423 1902 619 1963 clausa,
654 1920 761 1951 cum
799 1901 1023 1964 Minione
1060 1902 1274 1969 quodam
1300 1937 1320 1961 ,

43 1969 126 2084 §ui
156 1969 378 2035 princeps
407 1972 672 2020 amicorum
704 1969 806 2036 ejus
836 1986 934 2020 erat
949 1987 966 2031 ‚·
984 1969 1163 2019 secreta
1197 1985 1320 2018 con-

65 2036 386 2103 iliavagitavit.
415 2037 572 2096 Minio
611 2041 799 2106 ignarus
828 2041 1046 2088 omnium
1086 2052 1323 2089 externo-

42 2120 147 2151 rum
171 2140 186 2165 ,
224 2103 440 2170 viresque
478 2105 709 2156 aestimans
751 2109 874 2176 regis
909 2123 939 2173 9
981 2124 1042 2157 ex
1083 2108 1227 2157 rebus
1267 2108 1319 2157 in

43 2169 184 2237 Syria
207 2185 286 2220 aut
309 2171 420 2221 Asia
444 2174 582 2240 gestis
603 2213 616 2236 ,
636 2194 736 2225 non
764 2176 906 2225 causa
933 2174 1085 2225 modb
1106 2175 1323 2241 superio-

42 2254 146 2290 rem
188 2238 280 2290 effe
311 2239 608 2291 Antiochum
630 2281 646 2305 ‚
676 2244 808 2312 quod
843 2244 958 2293 nihil
994 2245 1114 2310 aequi
1151 2242 1320 2311 postu-

104 2350 130 2392 8
153 2350 209 2393 Ut
220 2352 363 2408 procul
380 2352 426 2392 ab
441 2350 484 2406 se
499 2355 643 2396 honore
705 2355 832 2396 tiochi
846 2384 857 2404 ,
879 2355 1020 2410 partim
1037 2354 1229 2396 adversus
1247 2369 1317 2396 re-

42 2425 124 2454 cum
142 2428 285 2468 quoqne
303 2413 538 2470 ablegaret]
558 2416 644 2457 Ho-
705 2418 847 2465 belles,
861 2418 1002 2471 partim
1015 2417 1203 2457 adversus
1219 2417 1315 2456 Pto·

15 2477 18 2479 ’
44 2488 159 2520 nore,
178 2475 216 2514 id
235 2475 288 2515 est
307 2504 317 2523 ,
334 2490 404 2529 per
421 2478 616 2519 honorem
629 2507 640 2527 ,
706 2478 1162 2532 lemaeumPhilopatora
1175 2492 1319 2532 regem

43 2548 117 2590 per
136 2535 304 2587 speciem
323 2538 503 2580 honoris.
616 2591 619 2593 ‚
707 2541 893 2595 AEgypti,
909 2541 1011 2580 haud
1029 2539 1117 2579 sane
1133 2550 1315 2579 contem·

110 2607 134 2645 9
156 2596 220 2635 Ex
246 2597 354 2637 rebus
377 2603 418 2639 in
439 2599 559 2654 Syria
577 2613 645 2640 aue
706 2603 848 2640 nendae
866 2629 877 2647 ‚
902 2611 1173 2640 memorantur
1191 2615 1212 2639 a
1232 2599 1317 2642 Po·

43 2655 140 2711 Afia
153 2657 311 2715 gestia]
327 2658 405 2701 Res
424 2661 539 2719 gestae
559 2662 644 2704 An·
708 2661 820 2718 lybie
842 2692 853 2712 ,
879 2663 974 2706 libb.
999 2662 1059 2707 IV
1085 2661 1126 2704 ὅ(
1146 2662 1204 2706 V·
