1680 3052
324 125 403 182 60
607 122 1314 189 T1T1L1v11

113 204 461 270 U,c‚552,nibus
509 221 598 272 per
641 207 865 257 somnum
907 211 1174 276 vinumque
1231 211 1335 261 dies
1378 211 1601 263 noct-ibus
1643 220 1648 222 ’

114 273 570 340 a·(3-20<?-aequarent
603 313 618 337 ,
675 276 920 342 Philippus
959 279 1316 344 inopinantibus
1368 280 1566 329 advenit
1591 297 1607 329 z

158 330 307 385 Opprz-
326 361 470 409 quem
519 363 668 411 quum
703 344 860 394 adeffe
898 345 1192 412 refugientes
1233 364 1292 396 ex
1332 349 1456 414 agris
1490 350 1603 414 qui.-

113 405 272 433 metatur
286 409 308 432 a

121 451 305 513 Philipp.

324 411 435 461 dam
468 414 632 479 pavidi
655 411 974 473 nunciassent,
993 414 1237 480 trepidare
1256 414 1571 466 Damocritus
1586 453 1606 478 ,

318 483 578 547 ceterique
618 481 767 529 duces
802 498 812 529 :
859 481 911 529 &
962 497 1064 531 erat
1106 481 1231 530 forte
1280 484 1602 533 meridianum

317 563 548 615 tempus,
583 567 681 615 quo
729 549 946 614 plerique
998 567 1171 616 graves
1204 550 1313 598 cibo
1360 550 1500 618 sopiti
1527 551 1604 617 ja-

309 619 504 667 cebant.
544 615 762 666 Excitare
799 618 940 683 igitur
969 618 1048 665 alii
1082 618 1229 679 alios,
1265 616 1433 683 jubere
1469 639 1605 672 arma

312 703 522 752 capere,
545 686 663 733 alios
695 685 938 734 dimittere
962 686 1023 734 ad
1044 687 1350 736 revocandos
1367 725 1381 748 ,
1403 690 1483 755 qui
1505 707 1604 755 pa-

310 754 396 803 lati
427 770 513 819 per
547 770 686 820 agros
723 754 1059 819 praedabantur
1094 771 1104 802 :
1136 769 1365 821 tantaque
1386 757 1603 823 trepida-

311 825 382 870 tio
420 821 540 880 fuit,
574 836 623 868 ut
656 820 754 869 fine
797 822 966 888 gladiis
1006 823 1201 890 quidam
1237 825 1451 890 equitum
1493 827 1602 874 exi-

311 905 423 939 rent
448 928 464 951 ,
499 890 670 938 loricas
695 891 913 957 plerique
950 910 1048 939 non
1088 891 1362 941 induerent.
1393 891 1463 942 Ita
1486 911 1604 960 rap-

313 960 404 1007 tim
442 957 631 1017 eduCti,
673 976 823 1024 quum
868 959 1072 1009 universi
1104 958 1437 1009 sexcentorum
1474 978 1610 1028 aegre

315 1025 456 1077 fimul
491 1030 677 1094 equites
713 1027 995 1093 peditesque
1029 1046 1282 1077 numerum
1304 1028 1617 1095 explessent,

317 1095 537 1145 incidunt
570 1098 616 1143 in
652 1096 837 1162 regium
872 1097 1137 1161 equitatum
1159 1134 1179 1156 ‚.
1210 1114 1453 1159 numero,
1493 1101 1606 1148 ani·-

317 1165 440 1224 mis,
472 1162 706 1230 armisque
747 1163 1068 1230 praestantem.
1100 1164 1269 1230 Itaque
1311 1167 1471 1232 primo
1510 1168 1604 1214 im-

314 1249 433 1300 petu
471 1231 589 1292 fusi,
631 1233 712 1280 vix
761 1246 949 1282 tentato
986 1235 1282 1293 certamine,
1322 1237 1448 1301 turpi
1487 1233 1604 1302 fug&

313 1316 547 1367 repetunt
584 1299 731 1350 castra
768 1318 778 1348 t
816 1299 918 1349 caefi
953 1304 1172 1367 captique
1209 1302 1404 1368 quidam
1427 1341 1443 1363 ‚
1477 1321 1614 1370 quos-

313 1372 505 1438 equites
534 1371 594 1418 ab
626 1369 821 1435 agmine
849 1368 1132 1436 fugientium
1159 1370 1481 1420 interclusere.
1539 1424 1541 1426 ,

383 1438 542 1488 XLII.
574 1437 850 1504 Philippus,
882 1438 973 1488 suis
1009 1437 1106 1503 jam
1147 1439 1279 1488 vallo
1321 1441 1598 1505 appropin-

312 1508 570 1574 quantibus
594 1546 611 1566 ‚
639 1508 857 1573 receptui
878 1508 982 1556 cani
1018 1505 1143 1573 jussit
1177 1506 1435 1574 :fatigatos
1473 1511 1605 1559 enim

310 1592 466 1642 equos
503 1574 728 1642 virosque
765 1593 864 1624 non
908 1590 1008 1624 tam
1039 1576 1237 1642 praelio,
1267 1575 1413 1642 quem
1456 1579 1602 1627 itine-

310 1646 376 1694 ris
406 1644 541 1694 simul
578 1644 917 1712 longitudine,
953 1642 1088 1693 simul
1125 1644 1439 1712 praeproperfi
1470 1646 1604 1696 cele.-

308 1715 482 1772 ritate,
520 1713 745 1763 habebat.
783 1712 953 1781 Itaque
984 1714 1231 1762 turmatim
1265 1715 1485 1780 equites,
1519 1716 1602 1763 in—

310 1783 581 1850 vicemque
602 1782 875 1848 manipulos
899 1783 1021 1831 levis
1045 1796 1297 1830 armaturae
1315 1819 1337 1843 ‚.
1367 1798 1605 1850 aquatum

309 1850 381 1900 ire
403 1851 454 1899 &
488 1851 726 1917 prandere
759 1849 893 1913 jubet
914 1851 1067 1900 :alios
1098 1852 1144 1900 in
1164 1849 1368 1900 statione
1387 1867 1605 1901 armatos

308 1921 531 1982 retinet,
576 1921 840 1987 opperiens
887 1935 1059 1988 agmen
1103 1920 1370 1986 peditum,
1417 1920 1600 1969 tardihs

311 1987 510 2038 duflum
562 2005 764 2056 propter
805 1991 1092 2056 gravitatem
1147 2005 1409 2037 armorum.
1444 1987 1605 2053 Quod

309 2057 394 2105 ubi
446 2058 678 2117 advenit,
709 2058 760 2108 &
803 2055 910 2124 ipsis
951 2059 1279 2124 imperatum,
1327 2072 1378 2104 ut
1420 2055 1604 2106 statutis

306 2122 449 2193 fignis
473 2164 488 2184 ,
525 2126 761 2193 armisque
792 2141 902 2175 ante
931 2125 975 2175 se
1002 2123 1199 2191 positis,
1235 2127 1412 2189 raptim
1437 2126 1602 2175 cibum

309 2210 541 2260 caperent
561 2233 577 2256 ‚
602 2196 723 2244 binis
756 2193 966 2244 ternisve
996 2194 1236 2243 summum
1262 2211 1320 2243 ex
1343 2195 1603 2259 manipulis

308 2264 526 2329 aquandi>
564 2263 700 2313 causti
739 2262 883 2312 miffis
913 2265 1142 2312 :interim
1175 2280 1324 2325 eques
1360 2281 1469 2311 curn
1500 2263 1603 2313 levi

309 2347 548 2381 armatura
593 2346 780 2398 paratus
827 2331 1164 2398 instruGiusque
1206 2331 1332 2381 stetit
1357 2368 1377 2390 5
1405 2330 1444 2379 fi.
1482 2331 1601 2396 quid

307 2398 456 2450 hostis
490 2416 734 2449 moveret.
766 2399 917 2448 AEtoli
950 2397 1083 2465 (jam
1108 2401 1238 2450 enim
1279 2398 1330 2447 &
1361 2416 1469 2465 quae
1510 2417 1599 2465 per

303 2485 447 2535 agros
475 2468 736 2518 multitudo
772 2467 924 2534 sparsa
954 2467 1110 2518 fuerat
1131 2506 1145 2528 ‚
1188 2482 1441 2534 receperat
1468 2467 1514 2517 se
1547 2470 1596 2518 in
1674 2466 1678 2471 ’

299 2535 487 2604 castra)
524 2553 575 2588 ut
603 2536 843 2587 defensuri
886 2539 1218 2598 munimenta,
1253 2537 1378 2586 circa
1419 2551 1588 2602 portas

296 2605 580 2673 vallumque
628 2619 838 2655 armatos
886 2604 1182 2671 disponunt,
1231 2605 1355 2653 dum>
1385 2604 1580 2672 quietos

296 2670 462 2726 hostes
494 2673 585 2745 ipsi
601 2673 792 2726 feroces
818 2690 879 2724 ex
902 2688 1011 2725 tuto
1044 2672 1361 2741 speuabam:
1387 2671 1586 2741 postea-⁴
