1680 3052
235 100 282 162 L
326 115 347 155 ι
395 112 430 154 Β
476 109 512 151 ε
556 110 595 151 a
688 93 1140 156 XXXVIII.
1239 117 1342 178 573

65 176 241 245 sumus.
286 183 351 245 Q.
397 177 640 228 Minucius
694 178 908 223 Thermus
943 214 958 232 ,
1012 181 1059 226 in
1100 199 1185 244 quo
1227 184 1558 250 flandae-565,

69 248 215 312 paulo
234 249 341 313 plus
374 243 715 307 damnifaclum
753 246 808 309 est
830 280 847 301 ‚
869 245 1064 308 qua'mfi
1093 250 1177 296 Cn.
1207 249 1554 304 affan,a.c.187.

75 315 167 361 lius
187 351 203 372 ,
234 313 364 380 cujus
389 314 655 362 'temeritate
699 329 751 359 ea
787 312 941 360 clades
975 314 1197 362 inciderat
1219 352 1232 374 ‚
1259 335 1350 381 pe-

74 379 194 444 rfft
217 419 233 440 ,
267 400 366 430 cum
401 381 554 429 multis
575 380 690 428 viris
705 377 907 442 fhrtibus
939 381 1103 428 cecidit
1126 400 1141 429 .·
1167 397 1196 444 9
1221 401 1352 432 exer-

75 450 195 497 citus
232 450 389 515 spolia
439 450 552 514 regis
597 449 818 498 Antiochi
863 445 1085 512 reserens,
1122 448 1351 513 trifariam

76 516 312 582 diſjipatus
330 554 345 577 ‚
369 517 482 565 alibi
514 516 704 581 primum
720 553 736 573 ,
758 516 874 563 alibi
888 518 1145 582 postremum
1165 534 1319 584 agmen
1337 557 1352 578 ‚

19 605 24 610 ·
79 585 196 632 alibi
225 587 541 651 impedimenta
568 622 581 641 .,
605 585 722 631 inter
751 601 906 649 vepres
929 587 977 632 in
1011 585 1196 635 latebris
1218 586 1357 649 fera-

84 669 180 700 rum
226 657 389 701 noc‘t'em
436 670 573 704 unam
622 651 819 699 delituit.
868 654 962 714 Pro
1001 654 1071 699 his
1104 654 1357 718 triumphus

47 720 286 786 vpetitur?
314 723 367 769 Si
395 722 512 769 nihil
532 721 579 767 in
613 720 807 767 Thracia
836 720 985 766 cladis
1016 722 1357 785 ignominiaeque

70 785 194 852 foret
238 804 504 854 acceptum,
536 788 589 834 de
636 787 796 850 quibus
840 787 1033 848 hostibus
1087 790 1356 853 triumphum

75 870 250 921 peteres
271 856 297 903 ?
329 859 406 904 De
436 857 528 914 iis,
562 869 610 901 ut
645 854 836 918 opinor,
869 873 980 918 quos
1010 856 1093 903 tibi
1124 857 1261 921 hostes
1274 857 1360 919 se·

82 938 253 982 natus,
285 940 366 972 aut
402 923 602 991 populus
633 925 866 969 Romanus
900 923 1099 987 dediffet.
1140 927 1219 972 Sic
1252 926 1360 976 hnic

84 992 143 1039 L.
179 993 504 1057 Scipioni,fic
538 991 611 1038 illi
645 990 812 1038 Manio
842 991 1004 1040 Acilio
1040 994 1093 1039 de
1121 1010 1216 1058 rege
1253 997 1365 1041 An·

85 1060 233 1108 tiocho
254 1097 269 1120 ‚
293 1062 362 1124 fic
396 1058 539 1125 paulo
578 1059 682 1105 ante
716 1060 769 1105 T.
801 1058 991 1123 Quintio
1024 1061 1076 1106 de
1111 1078 1206 1126 rege
1235 1060 1365 1108 Phi-

85 1126 251 1193 lippo,
277 1130 345 1192 fic
386 1130 448 1176 P.
498 1125 727 1190 Africano
766 1126 820 1171 de
860 1126 1132 1187 Annibale,
1178 1129 1221 1176 6³
1255 1129 1365 1178 Ρω-

87 1196 196 1253 nis,
228 1196 271 1243 δ’
306 1196 516 1261 Syphace
537 1230 556 1252 ,
590 1193 842 1258 triumphus
872 1195 1023 1243 datus.
1070 1210 1088 1241 1
1123 1197 1189 1244 Et
1222 1197 1366 1245 mini-

87 1280 163 1309 ma
196 1263 318 1321 illa,
356 1280 491 1327 quum
535 1259 638 1326 jam
664 1259 855 1325 senatus
897 1260 1122 1327 censuiffiet
1157 1263 1323 1322 bellum
1346 1302 1364 1326 ,

87 1332 271 1395 quaefita
305 1346 454 1389 tamen
483 1330 630 1396 sunt,
665 1329 829 1393 quibus
867 1332 1175 1378 nunciandum
1225 1331 1325 1394 effet
1342 1349 1366 1391 ‚-

86 1399 195 1463 ipsis
225 1399 379 1464 utique
399 1400 574 1464 regibus
602 1398 888 1451 nunciaretur
910 1434 923 1455 ‚
960 1417 1020 1446 an
1043 1400 1163 1462 satis
1186 1398 1285 1463 effet
1303 1402 1371 1454 ad

83 1467 337 1532 praefidium
368 1467 561 1531 aliquod
581 1466 809 1513 nunciari.
833 1465 984 1516 Vultis
1016 1485 1114 1532 ergo
1148 1470 1239 1515 hcec
1274 1479 1374 1516 om-¹

90 1535 173 1583 nia
200 1535 353 1600 pollui
382 1535 426 1582 δ’
457 1533 672 1595 conflandi
691 1531 717 1579 ?
751 1533 853 1581 tolli
874 1532 1192 1598 fecialiajura
1217 1538 1241 1586 ,ἕ
1263 1537 1374 1584 nula·

92 1602 166 1650 los
197 1601 277 1667 effe
297 1600 492 1667 feciales
511 1601 538 1648 ,Ρ
569 1602 680 1649 Fiat
704 1597 855 1666 (pace
885 1602 1014 1651 dezim
1039 1604 1231 1650 dixerim
1253 1601 1373 1669 )ja-

94 1673 217 1718 clara
255 1671 488 1736 religionis
521 1687 536 1717 .·
566 1670 738 1718 oblivio
781 1671 960 1717 deorum
1004 1674 1161 1736 capiat
1190 1676 1374 1737 peHora

90 1740 250 1806 vestra.
273 1741 400 1786 Num
415 1738 624 1802 senatum
658 1755 830 1801 quoque
851 1739 904 1784 de
934 1739 1051 1787 bello
1086 1740 1260 1802 consilli
1280 1759 1371 1800 nort

89 1807 246 1872 placet
269 1808 290 1857 ,ἓ
320 1824 408 1853 non
431 1803 496 1853 ad
514 1805 735 1870 populum
753 1802 904 1868 ferri,
931 1809 1075 1858 velint
1092 1805 1375 1871 ,jubeantne

91 1877 198 1924 'cum
248 1874 409 1926 Gallis
450 1874 618 1925 bellum
656 1874 793 1940 geri?
830 1875 977 1922 Modo
1026 1876 1139 1928 certe
1174 1875 1378 1941 consules

159 2026 187 2067 9
217 2014 476 2058 Exercitus...
514 2015 708 2071 trifariam

100 2076 351 2132 diffipatus...
395 2077 567 2118 delituit.
587 2079 604 2131 ]
640 2079 709 2118 In-

101 2140 243 2194 tellige
305 2153 454 2179 nomen
516 2144 707 2181 exercitus

102 2201 220 2242 inniti
238 2202 362 2240 verbo
381 2200 539 2241 delituit
562 2229 572 2248 ,
590 2201 642 2242 ita
664 2213 708 2242 ut

101 2263 251 2316 triplex
270 2264 345 2303 hoc
364 2264 582 2309 membrum
599 2291 610 2311 ,
630 2263 707 2304 ali-

103 2323 143 2365 bi
158 2325 322 2379 primum
341 2353 351 2371 ‚
371 2324 468 2364 alibi
482 2324 709 2379 postremum

104 2401 240 2443 agmen
258 2415 269 2433 ,
288 2385 386 2425 alibi
410 2386 704 2441 impedimenta,

106 2447 426 2488 conneRendum
451 2447 496 2488 fit
521 2448 580 2488 his
597 2449 714 2489 voci·

103 2501 181 2550 bus
203 2537 214 2556 ‚
239 2507 434 2562 trifariam
476 2508 675 2564 diffipatus
698 2539 711 2556 ,

107 2581 295 2623 tanquam
317 2572 363 2615 iis
383 2571 627 2632 explicandis
646 2587 717 2630 ap-

109 2631 294 2697 pofiturm
544 2630 547 2635 ’
673 2632 678 2638 ’

838 2030 854 2058 1
883 2016 940 2056 Et
958 2015 1115 2060 minima
1128 2018 1258 2060 illa...
1278 2035 1381 2074 quee-

761 2078 842 2132 fita
870 2091 997 2118 tamen
1020 2077 1165 2132 sunt.]
1192 2079 1378 2122 Consulti

771 2142 858 2181 sunt
887 2141 1054 2180 feciales
1089 2141 1137 2180 de
1167 2141 1225 2181 his
1248 2170 1258 2189 ,
1288 2157 1379 2196 quae

771 2202 876 2246 haud
908 2201 997 2242 sane
1029 2203 1157 2258 magni
1185 2204 1380 2245 momenti

773 2263 850 2305 effe
899 2263 1109 2304 videantur
1139 2292 1150 2312 ,
1192 2278 1337 2319 nempe
1363 2293 1379 2315 ,

773 2322 905 2366 utrssun
945 2326 1104 2379 regibus
1148 2325 1236 2379 ipfis
1277 2342 1383 2381 nun-

777 2387 870 2427 ciari
904 2397 1145 2440 oporteret,
1192 2401 1240 2428 an
1258 2417 1269 2435 ,
1294 2389 1381 2441 δίς.

777 2449 821 2488 ld
862 2448 1004 2488 fffium
1045 2443 1286 2490 memoravit
1317 2451 1383 2496 Li-

777 2510 863 2549 vius
898 2524 1016 2562 quum
1050 2510 1089 2549 in
1124 2509 1323 2564 Philippo,
1355 2513 1385 2554 l·

778 2571 926 2611 XXXI
950 2597 962 2618 ,
993 2585 1030 2610 c.
1056 2571 1078 2609 8
1097 2598 1107 2616 ,
1131 2582 1213 2611 tum
1242 2575 1282 2621 in
1303 2574 1387 2624 Λη-

779 2622 920 2679 tio'cho
937 2659 950 2684 ,
976 2633 1004 2677 1.
1027 2631 1216 2682 xxxvl
1237 2661 1251 2684 ‚
1278 2647 1314 2676 c.
1339 2645 1385 2693 3,
