1680 3052
254 96 301 155 L
348 113 371 154 1
413 109 447 151 Β
493 109 529 151 Ε
571 108 613 150 R
693 90 1152 149 XXXVIII.
1259 108 1364 172 515

86 179 344 227 mutabiles
374 188 615 226 noverant
645 209 661 232 ,
699 172 831 221 nullo
865 171 1058 220 reddito
1088 171 1318 238 responso
1350 189 1571 243 ,U,c,5(,3·

88 246 290 295 domum
332 241 522 311 regreffi
560 241 695 301 sunt,
727 255 777 289 ut
815 241 965 289 etiam
1004 255 1145 305 arque
1186 243 1571 299 eti2¹21n‚s.(,'.189.

88 314 204 379 quid
235 314 477 381 agendum
511 309 627 360 esset
649 347 663 369 ‚
694 325 745 358 re
775 306 965 374 integra
984 343 997 368 ,
1022 322 1279 372 praetorem
1315 309 1367 356 (Sc

86 384 330 448 principes
367 379 689 429 consulerent.
726 375 958 426 Clamore
997 375 1046 423 &
1085 373 1242 441 jurgio
1277 392 1367 424 ex-

87 453 218 515 cepti
253 488 269 510 ,
312 450 444 516 qubd
493 465 596 496 rem
646 445 889 495 traherent
918 481 934 504 ,
981 443 1364 509 qualemcunque

92 534 265 583 pacem
303 517 481 566 referre
531 512 636 581 juffi
668 552 682 573 ,
723 531 872 579 quum
910 513 1119 560 redirent
1153 510 1372 559 Ambra-

87 588 209 634 ciam
230 623 245 645 ,
268 585 577 633 Acarnanum
609 581 783 631 insidiis
815 597 970 648 prope
1004 582 1134 629 viam
1167 578 1329 646 positis
1354 615 1371 639 ‚

90 668 122 719 9
146 652 424 719 quibuscum
444 653 625 700 bellurn
659 664 758 699 erat
777 687 791 709 ,
813 650 1128 698 circumventi
1148 685 1161 707 ,
1189 664 1208 695 1
1234 645 1374 713 Tyr-

88 723 257 770 rheum
293 720 594 769 custodiendi
625 719 944 767 deducuntur.
974 716 1092 764 Haec
1127 733 1265 764 mora
1297 718 1374 763 in-

87 786 213 854 jecia
247 786 312 838 est
349 792 468 854 paci.
497 787 667 852 Quum
700 783 798 850 jam
834 783 1199 833 Atheniensium
1234 782 1374 832 Rho-

91 857 380 922 diorumque
421 857 612 923 legati,
660 855 740 920 qui
765 853 842 901 rad
885 852 1248 917 deprecandum
1284 869 1376 918 pro

94 925 167 974 his
196 941 432 974 venerant
451 962 466 985 ,
484 922 613 989 apud
640 919 885 970 consulem
911 918 1057 970 effent
1078 938 1091 979 ;
1113 921 1377 986 Amynan·

94 993 183 1042 der
222 1010 419 1060 quoque
456 993 784 1040 Athamanum
828 1006 912 1037 rex
942 1027 957 1050 ‚
999 987 1095 1038 fide
1140 989 1404 1053 accepta,>

93 1078 298 1110 venerat
329 1065 376 1109 in
410 1059 556 1109 castra
581 1058 805 1107 Romana
826 1095 841 1120 ‚
861 1060 1011 1124 magis
1042 1076 1134 1123 pro
1168 1057 1379 1105 Ambra-

94 1131 206 1189 cia,
243 1130 325 1177 ubi
359 1127 596 1193 majorem
632 1141 819 1192 partem
858 1129 1092 1192 temporis
1127 1125 1379 1175 exsulave-

96 1212 206 1258 rat,
246 1197 390 1263 quam
422 1215 510 1263 pro
537 1194 709 1245 AEtolis
743 1193 985 1243 sollicitus.
1018 1193 1109 1243 Per
1144 1195 1233 1243 hos
1269 1211 1381 1241 cer-

100 1268 195 1315 tior
222 1265 369 1314 fastus
405 1263 570 1313 consul
601 1263 660 1311 de
700 1260 807 1311 casu
848 1263 1119 1329 legatorum
1153 1299 1168 1321 ,
1205 1261 1383 1309 adduci

102 1351 191 1384 eos
224 1352 250 1382 a
279 1332 512 1400 Tyrrheo
547 1329 699 1396 jusiit:
722 1347 931 1397 quorum
965 1329 1071 1397 post
1113 1331 1383 1379 adventum

101 1404 179 1468 agi
212 1418 429 1466 coeptum
463 1398 530 1450 est
568 1400 628 1447 de
674 1414 811 1464 pace.
844 1397 1168 1465 Amynander
1193 1436 1206 1459 ‚
1250 1396 1384 1463 quod

103 1469 170 1519 sui
213 1469 422 1518 maxime
460 1470 621 1535 operis
657 1482 795 1527 erat,
833 1469 1036 1534 impigre
1075 1467 1249 1534 agebat
1279 1503 1293 1527 ‚
1332 1478 1387 1512 ut

105 1537 478 1587 Ambracienses
498 1534 819 1601 compelleret
846 1536 905 1584 ad
928 1536 1263 1594 deditionem3
1287 1551 1313 1582 2
1338 1534 1389 1582 id

107 1623 260 1672 quum
295 1623 382 1671 per
413 1606 659 1671 colloquia
689 1605 960 1669 principum
991 1603 1249 1653 succedens
1282 1620 1391 1650 mu-

105 1691 214 1723 rum
238 1692 407 1740 parum
441 1672 701 1739 proficeret
722 1689 736 1732 3
758 1672 1004 1737 postremi)
1037 1671 1239 1720 consulis
1271 1688 1390 1738 per·-

110 1740 246 1791 miffu
271 1741 496 1809 ingressus
524 1742 697 1789 urbem
719 1777 731 1799 ‚
758 1743 927 1805 partim
953 1739 1148 1788 consilio
1176 1778 1190 1798 ‚
1216 1742 1393 1805 partim

105 1810 332 1876 precibus
367 1812 512 1859 evicit
546 1846 561 1870 ,
597 1824 646 1856 ut
681 1811 1016 1873 permitterent
1050 1809 1096 1856 se
1136 1807 1396 1856 Romanis-

110 1875 174 1928 Et
195 1877 387 1928 AEtolos
410 1877 473 1928 C.
491 1877 716 1926 Valerius
736 1875 922 1928 Laevini
949 1875 1068 1924 filius
1087 1913 1101 1938 ‚
1127 1891 1150 1943 3
1175 1878 1255 1943 qui
1283 1892 1395 1925 cum

113 2016 515 2070 cemquibuscunque
527 2014 724 2058 conditio·
786 2017 890 2058 viam
917 2014 1053 2070 positis
1083 2014 1351 2055 circumventi.

115 2080 232 2120 nibus
248 2107 258 2124 ‚
280 2079 402 2121 modi)
419 2081 691 2120 tolerabilibus
707 2104 725 2126 ς
855 2091 872 2119 1
892 2077 1242 2133 Tyrrheu·m.]Haec
1257 2078 1399 2116 eadem

116 2141 307 2193 accipere
354 2142 480 2194 parati
518 2142 677 2182 fuerant
712 2167 725 2189 ‚
790 2140 843 2182 est
855 2142 1058 2193 urbs,quae
1070 2126 1397 2192 supraXXXVL

116 2203 253 2260 postea
271 2202 391 2243 dieas
417 2217 438 2242 a
460 2204 620 2244 consule
640 2203 725 2246 Ro·
796 2216 812 2244 1
827 2216 844 2244 1
870 2230 881 2249 ,
903 2203 1047 2243 dicitur
1077 2201 1258 2257 Thyrium
1276 2214 1288 2239 .-
1309 2216 1400 2255 quae

118 2278 236 2305 mano
258 2269 370 2320 leges
390 2293 400 2312 ,
427 2274 615 2320 tanquam
641 2280 727 2320 gra·
791 2265 950 2319 quidem
976 2278 1074 2303 vera
1091 2264 1210 2317 hujus
1229 2260 1401 2303 nominis

117 2327 254 2369 viores
275 2326 392 2380 justo,
408 2327 726 2381 aspernarentur.
793 2327 982 2380 scriptura
1002 2325 1070 2365 est.

152 2385 431 2446 9Quibuscum
449 2389 590 2428 bellum
603 2389 726 2443 erat]
857 2402 882 2428 2
921 2386 969 2427 Id
1000 2402 1158 2441 quum...
1190 2383 1402 2440 succedens

120 2450 215 2493 Hoc
240 2453 458 2491 membrum
480 2451 639 2491 videtur
664 2451 734 2491 suo
796 2465 939 2490 murum
970 2463 1106 2504 parum
1135 2447 1361 2503 proficeret.
1382 2447 1400 2500 ]

123 2515 221 2555 loco
271 2510 484 2552 exceffiffe.
525 2512 696 2566 Repone
719 2526 731 2554 :
798 2513 879 2552 Vel
904 2512 991 2550 dele
1015 2510 1084 2555 id,
1118 2510 1185 2550 vel
1203 2508 1290 2564 ejus
1308 2510 1406 2549 loco

125 2579 382 2615 Acarnanum
396 2603 406 2618 ,
428 2571 642 2628 quibuscum
656 2575 736 2614 bel·
799 2574 959 2614 restitue
980 2571 1052 2611 Et.

129 2636 206 2676 lum
252 2647 338 2677 erat
371 2663 384 2686 ,
426 2634 574 2691 insidiis
611 2651 737 2693 prope
864 2647 885 2689 3
913 2634 1092 2693 Quicum
1122 2646 1167 2695 fa
1189 2644 1303 2688 gente
1320 2630 1407 2688 pri-

1083 2709 1132 2756 Vl
