1680 3052
226 99 272 156 L
319 113 340 155 1
383 109 419 154 Β
465 111 501 154 Ε
544 110 585 153 n
665 55 1129 154 xxxlei'.
1232 113 1334 164 51-

59 181 223 247 magni
245 180 704 245 operi53momento
729 179 857 225 enim
878 175 938 223 ad
961 177 1100 225 {nane
1121 214 1135 235 ,
1156 138 1342 241 suspez-iz
1362 193 1431 234 μς
1480 206 1549 236 w,

60 245 112 296 so
133 249 322 297 furculis
352 247 410 295 ab
438 244 650 294 hostibus
682 261 822 293 muro
845 281 859 305 ,
889 259 1245 310 perveneruntg
1278 228 1549 300 ihi-ramas}

64 313 322 364 commistis
360 314 587 381 operibus
613 349 626 373 ,
665 329 812 378 quum
843 328 868 360 e
908 308 1026 359 fossa
1064 313 1110 358 in
1150 317 1345 359 cunicu-

62 379 159 430 lum
188 398 374 448 pateret
407 387 526 441 iter,
554 383 712 447 primo
744 378 853 446 ipsis
879 376 1212 439 ferramentis,
1239 382 1344 446 qui·
1403 397 1551 454 Repel-

63 447 151 498 bus
186 453 234 499 in
272 467 423 515 opere
463 449 527 497 usi
561 462 696 498 erant
718 485 732 509 ,
774 449 886 497 dein
918 448 1137 496 celeriter
1177 450 1342 496 armati
1357 460 1509 506 luatur.

53 512 210 566 setiam
238 517 494 567 subeuntes
513 555 526 577 ‚
549 516 789 565 occultam
818 516 900 564 sub
932 530 1057 564 terra
1085 514 1347 565 ediderunt

64 602 279 653 pugnam
300 602 313 644 ;
336 584 525 652 segnior
558 584 732 632 deinde
768 600 825 633 ea
859 583 979 632 faeia
1012 582 1078 632 est
1103 620 1117 642 ‚
1146 582 1347 632 interse-

65 654 309 719 pientibus
342 653 613 715 cuniculum
637 689 649 710 ‚
675 651 754 699 ubi
787 652 971 700 vellent
995 688 1008 710 ‚
1035 669 1161 699 nunc
1193 651 1222 700 6
1248 652 1352 700 cili·

65 721 150 769 ciis
196 722 438 786 praetentis
465 758 481 780 ‚
518 736 642 767 nunc
692 718 873 767 foribus
920 720 1089 784 raptim
1131 717 1350 782 obieffls.

69 786 218 836 Nova
246 791 390 837 etiam
422 787 548 836 haud
580 787 741 852 magni
775 786 934 851 operis
961 786 1190 836 adversus
1225 803 1311 835 eos
1338 826 1354 849 ,

67 857 150 921 qui
171 857 218 904 in
243 857 467 905 cuniculo
500 870 635 904 erant
660 890 674 914 ‚
710 856 982 921 excogitata
1019 870 1094 903 res
1126 852 1208 903 est.
1236 853 1354 904 Do-

65 924 184 973 lium
205 942 231 972 a
253 923 403 973 fundo
436 921 679 990 pertusum
702 959 716 983 ‚
741 923 834 986 qua
864 920 1013 970 fistula
1047 922 1180 971 modi
1198 926 1348 971 cain-

62 989 150 1042 seri
178 990 331 1057 posset
350 1029 364 1051 ‚
387 992 439 1040 &
470 990 672 1040 fistulam
703 989 908 1039 ferream
926 1026 941 1049 ‚
959 991 1343 1058 operculumque

66 1059 186 1108 dolii
224 1058 434 1108 ferreum
460 1057 688 1124 &ipsum
713 1095 729 1116 ,
773 1058 986 1123 pluribus
1022 1060 1138 1107 locis
1171 1060 1351 1126 perfo-

64 1141 220 1178 ratum
243 1165 257 1187 ‚
277 1126 495 1177 fecerunt
519 1144 534 1186 ;
557 1128 652 1176 hoc
682 1127 815 1181 ¹tenui
851 1125 1017 1192 pluma
1045 1128 1348 1193 completum

64 1195 254 1244 dolium
287 1212 372 1245 ore
402 1197 451 1245 in
485 1193 754 1244 cuniculum
787 1193 927 1243 verso
958 1194 1234 1260 posuerunt.
1260 1195 1352 1245 Per

70 1263 288 1329 operculi
325 1263 564 1312 foramina
589 1300 604 1321 .,
633 1262 891 1328 praelongae
919 1262 1059 1311 hastae
1078 1299 1092 1322 ‚
1127 1281 1241 1329 quas
1276 1263 1352 1310 sa-n

63 1329 196 1380 rissas
227 1346 403 1379 vocant
428 1369 440 1391 ‚
464 1331 525 1380 ad
559 1330 938 1379 summovendos
975 1328 1133 1380 hostes
1167 1334 1358 1380 emine-

69 1399 216 1458 bant3
250 1397 499 1447 scIntillam
536 1399 701 1447 levem
739 1399 861 1465 ignis
895 1398 1098 1447 inditam
1137 1399 1314 1465 plumae
1339 1438 1353 1459 ‚

64 1464 187 1515 folle
211 1465 379 1532 *fabrili
417 1467 476 1516 ad
510 1482 654 1532 caput
686 1463 850 1515 fistulae
885 1465 1112 1532 imposito
1137 1504 1150 1527 ‚
1187 1468 1355 1516 flando

73 1534 402 1583 accenderunt
429 1551 443 1595 3
473 1534 588 1584 inde
630 1551 729 1582 non
769 1533 921 1584 solum
959 1551 1134 1601 magna
1171 1538 1244 1584 vis
1279 1535 1359 1583 fu«

69 1604 174 1663 mi,
213 1601 294 1652 sed
326 1605 478 1652 acrior
509 1605 654 1652 etiam
688 1601 825 1651 foedo
858 1602 1070 1669 quodam
1093 1603 1265 1652 nidore
1297 1621 1358 1653 ex

74 1669 239 1719 adusta
267 1670 431 1736 pluma
464 1688 611 1738 quum
637 1684 794 1719 totum
820 1671 1090 1719 cuniculum
1120 1672 1362 1738 comples-

70 1737 172 1799 set,
206 1739 287 1786 vix
327 1738 497 1788 durare
537 1736 785 1804 quisquam
823 1740 947 1786 intus
985 1753 1194 1803 poterat.

143 1804 281 1855 VIII.
303 1804 474 1871 Quum
507 1808 556 1855 in
585 1807 682 1854 hoc
713 1804 829 1854 statu
862 1822 935 1855 res
959 1807 1018 1854 ad
1043 1807 1360 1855 Ambraciam

72 1872 221 1934 esset,
245 1875 389 1940 legati
415 1876 473 1923 ab
497 1874 671 1923 AEtolis
695 1872 921 1922 Phaeneas
946 1874 996 1921 8(
1030 1873 1316 1923 Damoteles
1341 1911 1358 1935 ,

74 1959 186 1990 cum
221 1943 379 1991 liberis
412 1942 647 2002 mandatis
684 1941 886 1991 decreto
924 1944 1079 2008 gentis
1103 1980 1117 2003 ‚
1139 1943 1198 1991 ad
1232 1960 1361 2004 con-

73 2009 225 2059 sulem
252 2025 490 2059 venerunt
513 2027 527 2070 ;
551 2027 660 2059 nam
684 2024 862 2076 praetor
887 2026 1055 2059 eorum
1085 2027 1234 2076 quum
1269 2010 1364 2058 alia

72 2092 211 2145 parte
232 2076 544 2126 Ambraciam
581 2080 852 2145 oppugnari
882 2092 1138 2136 cerneret,
1162 2078 1252 2127 alia
1286 2080 1366 2125 in-

76 2144 246 2195 festam
270 2163 405 2193 oram
433 2146 635 2195 navibus
666 2145 870 2195 hostium
894 2144 986 2195 effe
1007 2184 1020 2204 ‚
1040 2147 1128 2196 alia
1148 2146 1366 2209 Amphi-

81 2213 254 2262 lochos
291 2212 662 2281 Dolopiamque
699 2233 725 2262 a
762 2213 1116 2263 Macedonibus
1162 2212 1370 2275 vastari,

77 2298 170 2330 nec
204 2281 400 2330 AEtolos
434 2281 569 2330 simul
604 2281 664 2330 ad
701 2283 788 2331 tria
822 2282 1005 2331 diversa
1035 2282 1162 2331 bella
1201 2298 1372 2330 occur-

80 2348 234 2398 santes
269 2348 478 2398 sufficere
508 2367 520 2409 3
573 2364 849 2398 convocato
898 2350 1104 2399 concilio
1136 2386 1150 2409 ‚
1177 2347 1371 2399 AEtolos

77 2419 319 2486 principes
341 2455 355 2479 ,
382 2417 496 2485 quid
521 2417 763 2485 agendum
790 2417 904 2468 effet
927 2456 940 2480 ‚
963 2418 1212 2469 consuluit.
1235 2414 1372 2474 Ome

144 2568 169 2610 6
196 2569 398 2622 Ciliciis]
432 2570 575 2609 Cilicia
607 2570 694 2611 sunt
760 2571 936 2627 quaedam
958 2570 1067 2612 veia-

81 2641 195 2675 texta
230 2646 252 2674 e
283 2632 365 2687 pilo
398 2633 560 2689 caprino
591 2632 697 2689 quast
959 2688 1005 2740 Y

1026 2707 1059 2740 V
