1680 3052
312 121 662 180 LIBER
771 116 1071 176 XXXL
1251 133 1321 192 η

39 201 288 256 <veteribus
348 202 581 250 militibus
638 196 923 247 voluntariis
975 215 1036 246 ex
1094 195 1533 260 AfricanoU,c.552.

41 273 256 323 exercitu
287 271 336 318 in
370 269 590 335 legiones
627 264 875 330 descriptis
897 302 912 324 ‚
944 264 1238 330 navibusque
1269 264 1532 328 effic-zoo-

42 337 186 390 classe
239 335 444 387 consulis
492 333 712 385 Cornelii
765 331 894 382 lectis
932 369 947 392 ‚
993 331 1144 379 altera
1199 333 1274 380 die
1313 369 1328 392 9

45 406 194 473 quam
226 424 253 455 a
281 402 547 456 Brundusio
580 401 722 450 solvit
741 438 756 461 ‚
781 401 830 449 in
857 398 1203 448 Macedoniam
1237 414 1333 447 tra-

37 471 179 541 iecit.
209 473 279 523 Ibi
309 474 352 522 ei
377 470 548 539 praestb
583 468 719 518 fuere
742 465 1112 517 Atheniensium
1145 466 1330 533 legati,

46 556 276 601 orantes,
307 555 359 588 ut
396 539 439 589 se
472 536 726 588 obsidione
755 538 1009 586 eximeret.
1051 531 1218 582 Missus
1247 551 1332 582 ex·
1368 551 1534 593 Athenae

48 610 239 674 templo
275 607 493 656 Athenas
518 603 584 655 est
611 602 673 654 C.
696 602 929 654 Claudius
948 601 1144 651 Centho
1164 639 1178 661 ,
1209 620 1316 657 cum
1343 611 1532 654 aMaced.

49 678 237 744 viginti.
265 675 422 741 long-is
463 672 705 733 navibus‚
748 678 769 717 S
809 673 862 720 &
901 670 1106 720 militum
1147 671 1513 736 copiiswbseffae.

47 760 208 810 neque
247 745 378 793 enim
418 741 516 808 ipse
556 758 640 790 rex
683 740 903 789 Athenas
951 737 1234 788 obsidebat:
1273 755 1335 788 eo

48 811 259 867 maxime
305 826 531 877 tempore
575 808 792 873 abydum
837 807 1198 873 oppugnabat,
1237 803 1337 870 jam

47 892 165 928 cum
194 878 399 928 Rhodiis
432 878 484 926 ὃ(
514 875 683 927 Attalo
715 891 739 928 9
777 875 1024 926 navalibus
1061 876 1340 925 certamini-

51 948 141 997 bus
163 984 178 1008 ,
220 959 393 996 neutro
435 945 640 995 feliciter
676 944 841 1010 praelio
877 980 892 1004 ‚
929 944 1056 992 vires
1096 957 1341 1008 expertus.

51 1013 152 1066 Sed
183 1016 370 1064 animos
404 1015 452 1062 ei
482 1012 688 1062 faciebat
710 1049 729 1071 ,
758 1025 931 1078 praeter
963 1009 1192 1059 ferociam
1224 1009 1340 1059 infi-

51 1097 188 1144 tam,
218 1082 377 1131 foedus
407 1080 551 1130 ieiuni
586 1098 696 1130 cum
735 1099 753 1127 1
786 1078 1035 1128 Antiocho
1063 1077 1216 1144 Syr-iae
1262 1095 1338 1127 re-

55 1167 118 1219 ge
139 1188 153 1211 ,
181 1149 434 1215 divisaeque
464 1147 561 1214 jam
591 1167 700 1197 cum
735 1163 797 1196 eo
831 1147 1033 1213 AEgypti
1067 1164 1189 1212 opes
1216 1184 1231 1207 ,
1263 1147 1339 1195 cui

56 1232 217 1268 morte
255 1217 418 1267 audita
460 1235 485 1263 2
519 1214 773 1265 Ptolemaei
803 1216 930 1279 regis
953 1252 967 1275 ‚
998 1215 1143 1263 ambo
1174 1216 1339 1263 immi-
1417 1216 1542 1275 Causa

58 1286 254 1336 nebant.
275 1284 635 1335 Contraxerant
667 1298 828 1332 autem
857 1281 940 1330 fibi
974 1300 1083 1330 cum
1112 1282 1338 1348 Philippo
1354 1279 1450 1321 belli
1481 1283 1546 1322 A·

59 1353 242 1402 bellum
264 1350 586 1415 Athenienses
610 1351 982 1418 haudquaquam
1008 1350 1152 1417 digna
1172 1343 1531 1399 causazthenfffi·

57 1420 179 1475 dum
222 1438 283 1471 ex
319 1435 485 1483 vetere
537 1418 731 1478 fortuna
772 1418 890 1479 nihil
939 1433 1113 1485 praeter
1153 1401 1410 1506 animossss
1441 1417 1547 1506 2²25?

1522 1486 1546 1503 ,.

123 1547 149 1589 8
184 1547 241 1588 Et
273 1546 440 1587 miiitum
480 1545 620 1602 copiis.
643 1544 662 1599 ]
731 1544 788 1586 At
808 1558 890 1586 vox
909 1558 1046 1585 neutro
1072 1544 1271 1599 postulat,
1295 1527 1517 1587 utliPPum²

61 1608 318 1654 Fortafl‘ehic
336 1608 484 1650 excidit
503 1623 588 1649 vox
602 1607 669 1647 ali·
732 1605 839 1662 prius
873 1606 973 1646 fafta
1006 1607 1129 1647 fuerit
1171 1606 1343 1647 duorum

62 1687 142 1727 qua
156 1699 172 1719 ,
193 1671 316 1725 qualis
339 1670 434 1711 effet
453 1699 464 1718 ,
486 1668 637 1725 exiguis
653 1696 668 1714 ,

58 1732 209 1791 parvis.
224 1732 315 1773 Hoc
333 1732 497 1772 suadere
512 1729 672 1785 possunt

64 1809 113 1836 ea
145 1809 232 1850 quae
263 1794 480 1848 sequuntur
505 1820 516 1841 ,
552 1805 672 1845 neque

63 1857 166 1898 enim
184 1852 262 1910 ipse
283 1870 353 1895 rex
373 1855 548 1896 Athenas
573 1852 674 1906 obsi·

63 1917 212 1957 debat:
237 1917 378 1971 quibus
410 1917 546 1957 verbis
579 1929 675 1955 con-

66 1977 218 2021 sinetur
247 1979 350 2019 tatio
373 2005 385 2026 ,
413 1992 483 2018 cur
517 1974 674 2018 neceffe

65 2053 153 2087 n-on
196 2038 318 2079 fuerit
362 2039 494 2079 valida
531 2037 676 2084 auxilia

65 2100 252 2143 Athenas
284 2100 462 2141 mittere.

132 2173 158 2214 9
196 2161 418 2202 Navalihus
451 2158 677 2202 certamini-

67 2222 296 2269 busmeutro
307 2221 489 2277 feliciter
499 2220 676 2278 praelio.]

71 2283 247 2340 Videtur
259 2283 323 2324 hic
344 2299 421 2324 una
446 2299 527 2325 vox
548 2284 679 2337 supet·

70 2345 268 2399 effemna
294 2345 440 2386 deeffe.
466 2344 682 2387 Redundat

71 2412 191 2466 plane
235 2406 284 2459 τὶ
303 2413 455 2462 proelio.
500 2412 542 2453 Si
574 2411 680 2451 enim

72 2471 126 2515 fic
186 2475 365 2531 legamus
409 2502 421 2521 ,
476 2472 681 2515 navalibus

77 2536 346 2577 certaminibus
361 2565 373 2582 ‚
395 2548 531 2575 neutro
550 2533 683 2587 felici·

79 2608 143 2635 ter
165 2624 177 2644 ‚
221 2597 373 2653 optime
416 2597 456 2637 ὃ(
498 2594 685 2637 facillime

78 2658 256 2716 suppleri
274 2657 405 2718 potest
426 2685 439 2708 ,
457 2661 685 2705 certamine.

734 1668 994 1709 certaminum
1021 1667 1191 1708 mentio.
1215 1668 1345 1710 Vide,-

734 1740 799 1770 tur
825 1730 945 1785 igitur
966 1729 1149 1782 scripfiffe
1172 1728 1307 1770 Livius
1330 1742 1345 1772 t

736 1791 881 1832 duobus
897 1790 1104 1831 navalibus
1121 1791 1350 1831 certamini-

737 1852 804 1893 bus
820 1882 834 1899 ‚
857 1866 994 1893 neutro
1017 1851 1200 1906 feliciter
1215 1880 1228 1897 ,
1247 1853 1351 1893 vires

738 1927 936 1970 expertus.
968 1914 1068 1956 Haec
1101 1915 1180 1955 duo
1212 1915 1350 1966 praelia

739 1975 849 2016 fimul
894 1985 1070 2030 pugnata
1107 1991 1129 2016 a
1160 1975 1351 2030 Philippo

739 2037 829 2078 sunt
850 2065 862 2085 ‚
899 2052 1018 2079 unum
1047 2052 1136 2078 curn
1170 2038 1312 2078 Attalo
1334 2063 1350 2088 ,

738 2100 910 2140 alterum
944 2113 1032 2139 curn
1062 2099 1249 2139 Rhodiis.

808 2173 825 2201 1
852 2160 1052 2202 Antiocho
1070 2159 1195 2215 Syriz
1209 2159 1350 2216 rege-1

740 2222 823 2265 Hic
843 2221 897 2262 est
916 2222 1141 2263 Antiochus
1156 2221 1353 2277 Magnus,

745 2284 811 2339 qui
833 2282 966 2336 postea
988 2284 1137 2324 bellum
1158 2298 1246 2325 cum
1265 2283 1351 2324 Ro-

746 2344 870 2395 manis
902 2343 1029 2400 geffit.

806 2420 832 2448 2
850 2405 1094 2460 Ptolemaei.]
1117 2405 1353 2458 Philopato-

744 2468 797 2509 ris
818 2482 829 2509 :
854 2468 918 2507 cui
954 2466 1187 2508 successerat
1214 2466 1316 2507 filius
1335 2493 1351 2517 ,

746 2530 988 2572 Ptolemaeus
1072 2528 1302 2582 Epiphanes
1336 2555 1353 2577 ,

748 2606 848 2645 puer
883 2590 1096 2630 admodum
1125 2617 1139 2643 ‚
1179 2589 1230 2634 de
1270 2602 1356 2644 quo

745 2653 861 2711 supra
875 2668 913 2697 c.
936 2664 979 2698 20
