1680 3052
228 129 274 187 L
315 140 338 182 1
385 139 420 181 B
465 139 501 181 E
543 139 582 181 R
665 121 1045 181 XXXIII.
1182 120 1284 182 161

24 214 252 275 'quantum
277 207 371 255 diei
398 204 653 271 superfuit,
681 203 854 261 secuti,
885 217 1171 267 receperunt
1200 203 1295 252 sese
1308 220 1494 269 ηρςςςρ

26 276 88 326 ad
126 275 285 324 castra.
322 273 443 323 Satis
475 271 689 331 constat,
726 271 759 319 fi
804 268 1056 319 confestim
1091 270 1496 326 vistoresrLJw,

26 343 374 393 Stratoniceam
405 339 655 407 petissent,
690 340 837 403 recipi
867 354 976 386 eam
999 337 1167 386 urbem
1201 338 1299 386 sine

27 414 286 460 certamine
313 408 530 475 potuisse.
554 405 861 455 Praetermiffa
887 403 986 468 ejus
1010 405 1079 452 rei
1113 404 1300 453 occasio

31 476 98 528 est
118 516 132 537 ,
159 479 272 525 dum
303 480 348 524 in
386 474 584 523 castellis
617 475 828 538 vicisque
862 472 1033 521 Peraeae
1057 474 1302 538 recipien-

29 545 102 594 dis
134 562 320 610 tempus
368 546 549 592 teritur.
598 541 797 591 Interim
838 542 983 589 animi
1012 557 1185 590 eorum
1218 540 1303 606 qui

25 611 373 663 Stratoniceam
416 609 636 676 praesidio
682 610 998 669 obtinebant,
1032 607 1304 657 confirmati

26 679 131 730 sunt
163 699 172 728 ε
203 693 316 727 mox
343 679 394 727 &
429 678 720 726 Dinocrates
741 716 754 737 ‚
783 695 892 724 cum
925 678 978 724 iis
1009 693 1113 742 quae
1136 677 1305 742 praelio

27 746 299 813 supererant
328 750 477 811 copiis
498 785 511 805 ‚
545 748 736 794 intravit
768 762 948 793 muros.
968 743 1307 810 Nequicquam

28 816 139 865 inde
170 814 347 862 obsess'a
374 829 748 880 oppugnataque
783 813 892 860 urbs
920 810 1022 871 est3
1057 814 1203 877 recipi
1222 810 1307 861 nisi

29 884 275 948 aliquanto
311 882 414 947 post
438 900 522 947 per
546 882 842 929 Antiochum
869 898 967 928 non
989 881 1164 945 potuit.
1185 879 1305 927 Haec

30 952 78 1001 in
114 949 381 1010 Thessalia,
416 952 515 997 haec
548 951 594 997 in
624 950 838 1009 Achaia,
874 949 975 996 haec
1000 949 1049 997 in
1076 946 1190 997 Asia
1217 965 1306 1016 per

30 1016 225 1069 eosdem
262 1019 360 1066 dies
389 1017 543 1065 ferme
582 1017 725 1083 gesta.

99 1085 236 1134 XIX.
256 1086 496 1151 Philippus
514 1103 661 1150 quum
677 1081 870 1131 audisset
884 1082 1143 1132 Dardanos
1162 1082 1308 1131 trans-
1345 1089 1506 1147 Philip-

33 1149 206 1222 'gressos
239 1152 358 1202 fines
379 1191 393 1212 .,
423 1153 450 1202 8
481 1154 538 1200 ab
569 1168 855 1217 contemptu
879 1150 1086 1200 conceffi
1111 1167 1213 1200 tum
1232 1156 1508 1210 re-pusDar·

33 1224 145 1289 gni,
173 1222 412 1288 superiora
447 1221 752 1268 Macedoniae
797 1218 1007 1268 evastare
1032 1257 1047 1280 ‚
1085 1218 1436 1286 quamvisdanqs

34 1303 142 1338 toto
168 1308 320 1355 prope
365 1290 484 1339 orbe
513 1305 739 1337 terrarum
760 1325 772 1345 ‚
800 1287 1008 1354 undique
1036 1286 1082 1336 se
1104 1279 1444 1354 suosque‘aed‘t·

34 1359 321 1425 profligante
365 1357 590 1418 fortuna,
630 1355 916 1426 urgebatur,
951 1369 1112 1406 tamen
1145 1371 1306 1407 morte

34 1424 200 1485 tristius
232 1445 356 1475 ratus
385 1427 687 1475 Macedoniae
709 1428 853 1474 etiam
876 1423 1163 1490 poffeffione
1195 1426 1309 1493 pel·-

34 1489 97 1554 li,
130 1494 312 1544 dele&u
352 1497 522 1561 raptim
552 1513 639 1559 per
674 1495 814 1543 urbes
842 1494 1176 1544 Macedonum
1215 1495 1309 1543 ha·-

35 1561 134 1612 bito
153 1601 168 1624 ‚
198 1581 307 1611 cum
334 1562 411 1611 ,sex
440 1563 642 1611 millibus
675 1563 894 1628 pediturn
917 1600 931 1622 ‚
970 1565 1019 1612 ὃ(
1062 1565 1309 1629 quingen-

35 1631 93 1679 tis
126 1631 357 1698 equitibus
378 1669 392 1691 ,
433 1633 555 1693 circa
584 1630 763 1680 Stobos
801 1629 1004 1679 Paeoniae
1036 1632 1308 1696 improviso

36 1696 190 1748 hostes
225 1697 472 1766 oppreffit.
502 1699 682 1766 Magna
701 1699 960 1748 multitudo
985 1701 1236 1748 hominurn
1259 1703 1309 1748 in

36 1767 236 1833 praelio,
278 1766 436 1831 major
470 1768 716 1833 praedandi
759 1768 983 1834 cupidine
1025 1768 1181 1833 palata
1223 1785 1310 1835 per

36 1851 174 1901 agros
205 1834 318 1883 caesa
343 1834 408 1883 est
440 1853 451 1884 :
475 1835 642 1901 quibus
662 1834 772 1902 fuga
802 1836 1072 1901 expeditior
1102 1835 1190 1884 fuit
1211 1875 1224 1896 ,
1244 1853 1309 1887 ne

38 1915 225 1950 tentato
261 1904 455 1967 quidem
492 1903 595 1952 casu
631 1921 837 1970 pugnae,
872 1906 917 1952 in
945 1902 1064 1953 fines
1090 1903 1198 1954 suos
1227 1922 1312 1954 re-

39 1968 240 2018 dierunt.
272 1969 339 2017 Εέι
359 1971 452 2019 una
481 1972 793 2036 expeditione
818 1987 848 2035 9
868 1990 966 2020 non
997 1990 1086 2038 pro
1119 1972 1308 2038 reliquo

38 2035 155 2086 statu
211 2036 411 2086 fortunae
454 2038 608 2099 faeta,
650 2039 837 2088 refefiis
873 2039 1064 2088 suorum
1104 2042 1310 2103 animis,

39 2101 419 2154 Thessalonicam
452 2106 545 2156 sese
576 2109 776 2174 recepit.
815 2106 931 2157 Non
959 2121 1055 2156 tam
1095 2109 1142 2156 in
1180 2123 1308 2157 tem-

39 2188 154 2239 pore
177 2171 405 2223 Punicum
425 2175 605 2224 bellum
625 2178 932 2225 terminatum
947 2189 1048 2225 erat
1063 2214 1078 2237 ,
1094 2194 1154 2226 ne
1173 2176 1309 2226 simul

98 2293 124 2333 8
143 2293 206 2334 Ab
226 2307 445 2350 contemptu
475 2293 638 2348 conceffi
696 2295 883 2351 fimunae.
910 2298 931 2350 ]
974 2293 1101 2348 Cujus
1141 2304 1312 2335 eventus

42 2366 117 2393 tum
142 2356 259 2410 regni.
279 2357 299 2409 ]
317 2354 434 2411 Lege
454 2355 634 2410 concuffi.
705 2372 786 2398 non
839 2368 1085 2413 congrueret
1147 2357 1312 2409 reliquae

43 2414 177 2468 Quum
208 2428 516 2458 contemnerent
535 2418 636 2458 Dar·
705 2418 793 2472 ejus
817 2420 1016 2466 fortunae3
1041 2433 1127 2472 qnae
1146 2417 1313 2470 prospe-

43 2476 131 2516 dani
149 2491 314 2531 regnum
335 2477 532 2533 Philippi,
552 2490 635 2519 tum
698 2494 739 2520 ra
761 2480 857 2521 effer
875 2508 887 2528 ,
917 2481 1014 2520 dum>
1028 2479 1192 2519 adversa
1216 2491 1312 2517 eum

45 2537 155 2580 variis
208 2539 431 2594 crebrisque
488 2542 636 2582 damnis
699 2542 739 2582 in
761 2542 923 2595 reliquis
944 2541 1125 2583 omnibus
1141 2539 1307 2580 fortuna

45 2599 286 2640 concussum.
704 2605 891 2660 urgebat.

102 2670 128 2713 9
149 2660 244 2701 Noa
269 2675 344 2716 pro
368 2660 515 2718 reliquo
532 2663 641 2715 statu
