1680 3052
225 108 339 170 Li
383 123 418 166 B
463 123 500 166 E
542 123 583 166 R
667 105 1036 166 XXXIV.
1167 118 1283 189 259·

28 184 150 244 i'oss'ris'
181 189 387 241 arsissent
423 227 440 251 ‚
496 204 548 238 ut
586 185 924 253 adiuvantibus
968 188 1162 253 ignem,
1202 193 1282 255 qui
1301 204 1489 254 [2055ss

27 257 121 310 ‘ilias
162 260 222 308 ad
269 256 668 325 exstinguendum
717 273 869 322 opem
919 254 1043 304 ferre
1092 255 1245 304 solent
1267 262 1491 316 ‚;1.c.i‹)5.

35 344 144 378 zuere
176 329 225 375 in
254 325 507 376 Romanos
535 324 659 374 tecta
680 341 690 371 :
711 341 800 373 nec
833 322 1102 390 tegularum
1129 324 1284 373 modo

36 408 275 463 tagmenta
295 433 310 456 ,
333 394 414 443 sed
439 395 584 442 etiam
605 391 817 441 ambusta
836 393 966 459 tigna
991 391 1051 439 ad
1076 406 1285 441 armatos

30 465 262 514 -nervenire
283 480 298 523 3
321 463 372 512 ὅ(
406 461 600 510 flamma
622 461 717 509 late
741 459 911 521 fundi,
935 457 1093 508 fumus
1118 474 1286 509 terro-

36 548 111 580 em
148 533 292 579 etiam
323 529 558 594 majorem
578 566 593 588 ‚
628 527 773 594 quam
805 527 1074 594 periculum.
1104 525 1288 577 facere.

40 612 180 666 taque
212 599 264 647 &
295 601 376 664 qui
400 613 534 647 extra
553 597 724 645 urbem
751 610 885 646 erant
909 594 1248 644 Romanorum
1271 632 1287 656 ‚

35 683 113 716 um
159 667 367 715 maxime
409 668 617 732 impetus
668 663 897 713 facientes
929 700 944 725 ‚
983 660 1216 713 receffere
1261 681 1290 712 a

28 752 151 784 ¹nuto
189 752 200 782 :
245 735 418 800 &oqui
439 732 536 797 jam
570 736 899 792 intraverant,
935 748 996 780 ne
1017 731 1241 781 incendio
1263 749 1291 780 a

27 819 148 869 *ergo
188 804 373 851 oriente
409 801 844 850 intercluderentur
879 798 937 848 ab
976 798 1065 848 suis
1099 837 1114 859 ‚
1150 815 1291 848 rece-

32 886 185 919 ›erunt
217 869 328 919 sese.
359 868 418 918 Et
444 868 676 933 Quintius
699 905 712 927 ,
737 867 1051 934 posteaquam
1082 866 1196 933 quid
1221 867 1289 916 rei

30 935 128 987 {ffet
167 938 289 986 vidit
320 975 334 997 ,
379 938 594 1002 receptui
630 952 800 984 canere
833 933 955 998 juffit
985 951 999 994 ;
1034 937 1098 983 ita
1129 933 1227 997 jam
1262 951 1291 984 a

29 1021 154 1072 :apta
173 1023 329 1071 prope
360 1004 477 1053 urbe
500 1005 753 1063 revocati,
787 1004 1033 1052 redierunt
1054 1004 1101 1050 in
1128 1001 1290 1051 castra.

82 1072 183 1121 XL.
217 1073 446 1138 Quintius
472 1074 578 1137 plus
600 1089 658 1120 ex
678 1073 852 1120 timore
877 1069 1082 1119 hostium
1104 1107 1116 1128 ‚
1144 1069 1292 1136 quam

28 1156 77 1190 ex
105 1158 154 1190 re
185 1142 282 1206 ipsa
322 1141 420 1207 spei
454 1140 615 1189 nacius
638 1178 652 1199 ‚
674 1156 759 1205 per
794 1140 1004 1188 triduum
1038 1138 1292 1205 insequens

26 1210 252 1259 territavit
285 1226 370 1257 eos
400 1225 414 1267 ;
441 1226 567 1256 nunc
610 1208 783 1273 praeliis
825 1205 1098 1256 laceffendo
1121 1245 1136 1267 ‚
1164 1224 1293 1256 nunc

27 1278 242 1342 operibus
278 1276 636 1342 intersepiendo
662 1275 882 1342 quaedam
905 1313 919 1335 ,
951 1292 1013 1324 ne
1049 1276 1201 1323 exitus
1233 1273 1296 1323 ad

25 1343 179 1412 fugam
228 1344 357 1395 esset.
398 1344 488 1392 His
528 1343 984 1394 comminationibus
1020 1341 1296 1409 compulsus

23 1427 250 1478 tyrannus
271 1451 287 1474 ‚
315 1411 641 1481 Pythagoram
678 1413 828 1462 rursus
863 1426 1108 1463 oratorem
1134 1410 1256 1460 misit
1281 1427 1293 1459 ε

18 1497 165 1547 quem
202 1481 432 1546 Quintius
484 1483 642 1547 primo
694 1481 967 1546 aspernatus
1001 1518 1017 1542 ,
1057 1480 1296 1530 excedere

0 1548 178 1616 ¹castris
209 1547 334 1614 juffit
357 1566 374 1610 3
396 1549 572 1599 deinde
612 1549 887 1616 suppliciter
918 1564 1172 1609 orantem,
1207 1548 1296 1596 ad·-

0 1617 339 1683 uvolutumque
378 1619 576 1684 genibus
610 1655 625 1677 ‚
661 1618 859 1667 tandem
899 1617 1100 1666 audivit.
1136 1616 1394 1667 PrimaPax
1410 1641 1493 1669 cum

22 1687 174 1735 oratio
197 1685 284 1734 fuit
304 1723 319 1747 ,
350 1687 512 1734 omnia
538 1688 856 1753 permittentis
887 1685 1081 1735 arbitrio
1108 1683 1480 1735 Roma-Nabide.

9 1769 226 1802 morum:
249 1753 426 1803 deinde
446 1792 460 1813 ,
482 1771 509 1803 2
531 1773 679 1822 quum
704 1771 760 1803 ea
775 1755 911 1803 velut
932 1773 1057 1803 vana
1081 1792 1097 1814 ‚
1123 1754 1173 1803 &
1196 1752 1293 1803 fine

11 1819 194 1870 ‹effeciu
224 1822 340 1870 nihil
374 1821 665 1888 proficerent
689 1861 705 1884 ‚
743 1823 803 1873 eb
839 1823 1042 1872 ded-utta
1076 1839 1151 1871 res
1186 1821 1252 1870 est
1277 1859 1297 1881 ,

22 1901 77 1937 ut
115 1889 186 1937 his
228 1890 585 1940 conditionibus
621 1930 636 1952 ‚
682 1910 787 1958 quae
821 1908 881 1941 ex
920 1891 1094 1956 scripto
1131 1891 1297 1957 paucis

24 1955 136 2005 ante
156 1956 319 2006 diebus
343 1958 479 2008 editae
509 1974 643 2009 erant
663 1996 678 2020 ,
705 1960 909 2008 induciae
935 1958 1132 2009 fierent:
1153 1975 1300 2025 pecu-

23 2025 197 2089 niaque
243 2026 295 2073 &
337 2025 527 2076 obfides
565 2030 768 2095 accepti.
806 2026 944 2077 Dum
991 2041 1301 2095 oppugnatur

23 2105 255 2158 tyrannus
289 2130 304 2153 ,
345 2093 555 2161 Argivi,
601 2097 784 2146 nunciis
824 2097 925 2144 aliis
962 2113 1117 2161 prope
1161 2094 1302 2160 super
1358 2101 1502 2159 Argivi

27 2160 147 2210 alios
170 2158 473 2211 afferentibus
492 2200 506 2223 ‚
535 2167 717 2212 tantiam
740 2181 841 2213 non
872 2161 969 2230 jam
993 2179 1183 2229 captam
1206 2163 1386 2222 La-sese
1430 2163 1504 2219 ipsi

28 2228 365 2278 cedaemonem
384 2228 477 2279 effe
500 2269 514 2290 ‚
535 2231 676 2280 erecti
697 2233 749 2282 Sc
775 2231 859 2298 ipsi
880 2270 893 2292 ,
916 2230 1053 2280 simul
1086 2231 1146 2280 eb
1169 2228 1502 2298 qubdliberanc.

28 2293 327 2363 Pythagoras
365 2315 473 2345 cum
503 2315 638 2364 parte
668 2298 953 2350 validiffima
982 2298 1183 2366 praefidii
1213 2316 1304 2348 ex-

29 2361 254 2424 cesserat,
276 2368 560 2431 contempta
580 2369 815 2434 paucitate
838 2385 1006 2418 eorum
1030 2370 1108 2435 qui
1130 2370 1177 2416 in
1196 2382 1305 2417 arce

29 2445 167 2481 erant
188 2467 204 2493 ,
235 2432 358 2482 duce
383 2433 635 2503 Archippo
669 2438 882 2505 quodam
911 2436 1181 2504 praesidium
1211 2452 1303 2485 ex·-

94 2595 120 2622 2
145 2582 271 2641 Quum
297 2599 390 2626 ea...
418 2586 515 2626 nihil
538 2603 634 2643 pro-
692 2590 905 2647 proficeret
923 2618 935 2640 ,
974 2601 1120 2643 nempe
1153 2585 1306 2630 oratio·

21 2641 206 2706 ficerent.
223 2645 243 2701 J
261 2645 411 2692 Melius
427 2649 635 2694 videretur
