1680 3052
298 136 413 195 104
574 117 632 179 T
674 135 697 178 1
737 136 781 179 'r
823 136 847 177 1
950 122 1000 179 L
1043 135 1067 178 1
1109 136 1155 177 v
1197 134 1220 177 1
1270 134 1294 176 1

87 209 137 253 U.
142 221 174 253 c
185 223 277 265 554.
284 202 405 276 sent.
428 200 682 281 Philippus
706 201 946 268 societatis
961 202 1117 275 secum
1142 203 1354 251 admonet
1370 198 1458 250 θ’
1430 197 1583 266 Juris-

89 266 527 336 ³·C·198·jurandi.·
552 271 683 320 modo
725 272 923 338 postulat
960 286 1012 319 ut
1038 270 1191 336 ficum
1212 271 1414 336 stemus,
1449 268 1582 318 modo

292 357 350 389 ne
389 340 542 405 interf
541 357 639 388 mus
666 342 808 387 armis
828 352 1082 387 contentum
1107 339 1176 387 ait
1198 337 1250 402 se
1281 336 1379 403 effi.
1405 338 1583 386 Nulli·-

292 425 349 456 ne
380 409 506 457 venit
539 409 588 456 in
618 421 838 466 mentem,
870 423 952 455 cur
974 406 1052 471 qui
1084 407 1281 455 nondum
1305 405 1581 471 sociisunt‚

285 475 399 542 plus
416 490 614 541 petant,
636 492 770 540 quam
781 443 968 539 socius.
961 477 984 514 ἓ
1012 475 1125 523 Non
1133 475 1194 538 fit
1216 476 1298 523 lzoc
1323 491 1463 539 neque
1481 492 1583 521 mo-

290 544 432 609 destia*
464 543 679 608 Philippi
699 579 715 603 ,
749 560 888 608 neque
936 542 1219 607 impudentia
1253 545 1583 591 Romanorum.

290 610 325 660 6
356 611 522 660 Achai
542 626 705 676 portus
739 611 784 659 6³
821 612 935 659 dant
959 611 1187 674 fiduciam
1214 611 1583 677 postulantibus,

291 679 340 728 δ’
375 680 574 727 demunt.
610 678 825 745 Philippi
860 693 1024 744 praeter
1055 679 1252 745 legatum
1283 680 1489 728 videmus
1510 679 1586 726 ni-

290 746 377 796 hil.
410 750 625 795 Romana
660 747 806 810 claffis
838 749 903 795 ad
947 748 1200 796 Cenchreas
1237 748 1362 809 slat,
1404 747 1582 794 urbium

289 815 477 888 Euboefe
503 815 662 881 spolia
679 814 838 881 praese
859 814 1049 879 ftrens:
1074 814 1331 879 consulem,
1362 814 1584 881 legiones

291 901 377 948 que
410 880 510 946 ejus
538 883 701 949 exiguo
731 883 874 931 maris
898 884 1059 949 spatio
1090 883 1375 946 disjunc‘las,
1413 883 1587 930 Plzoci-

292 953 393 999 dem
426 969 482 999 ac
516 952 749 1000 Locridem
768 966 1072 1018 pervagantes
1102 952 1326 1000 videmus.
1366 951 1587 999 Mirami-

293 1020 345 1068 ni
366 1056 380 1079 ‚
424 1036 505 1068 cur
532 1018 786 1086 diffidenter
817 1020 1087 1069 Cleomedon
1118 1020 1294 1101 legatus
1335 1020 1583 1085 Philippi,

293 1103 346 1136 ut
375 1105 462 1153 pro
490 1106 586 1154 rege
617 1105 747 1135 arma
772 1105 1032 1153 caperemus
1065 1088 1159 1135 adt
1151 1086 1288 1135 ersus
1312 1090 1582 1161 Romanos,

295 1155 429 1204 modo
457 1157 625 1229 egerit:
647 1157 761 1221 qui,
783 1157 831 1221 fi
855 1172 912 1203 ex
941 1157 1090 1204 eodem
1109 1154 1280 1219 foedere
1314 1173 1371 1203 ac
1392 1153 1586 1220 jureju-

293 1225 472 1284 rando,
493 1242 625 1289 quus
651 1224 783 1273 nobis
812 1225 1071 1291 religionem
1091 1221 1357 1288 inJiciebat,
1382 1241 1586 1290 rogemus

295 1310 434 1350 eum,
464 1309 514 1343 ut
535 1311 618 1342 nos
637 1293 890 1358 Philippus
919 1293 965 1341 δ’
990 1292 1049 1340 ab
1079 1293 1266 1340 Nabide
1286 1310 1342 1340 ac
1364 1293 1588 1341 Lacedce-

296 1362 465 1410 moniis
481 1398 494 1421 ‚
523 1361 567 1409 6·
588 1362 645 1409 ab
666 1362 892 1410 Romanis
919 1359 1134 1425 defendat
1150 1397 1165 1420 ‚
1189 1379 1279 1409 non
1309 1361 1441 1409 modo
1458 1378 1587 1426 prae-

288 1430 498 1495 fidium,
529 1447 617 1494 quo
649 1447 732 1478 nos
765 1443 945 1477 tueatur
964 1465 979 1489 ,
1001 1430 1159 1495 sedne
1189 1430 1303 1494 quid
1321 1428 1590 1495 respondeat

296 1498 478 1563 quidem
514 1499 644 1547 nobis
668 1534 685 1556 ,
706 1498 770 1561 fit
799 1498 1102 1546 inventurus:
1131 1515 1220 1546 non
1244 1498 1390 1545 hercle
1411 1498 1586 1562 magis,

299 1566 434 1631 qua'm
467 1565 559 1632 ipse
577 1567 829 1632 Philippus
854 1567 1008 1632 priore
1033 1583 1155 1614 anno
1174 1602 1188 1626 ‚
1221 1567 1299 1629 qui
1322 1565 1587 1632 pollicendo

291 1634 343 1700 se
393 1634 614 1683 adversus
663 1635 897 1683 Nabidem
935 1634 1102 1682 bellum
1148 1636 1364 1701 gesturum
1386 1671 1401 1694 ‚
1453 1652 1589 1700 quum

300 1700 507 1767 tentaſjet
532 1704 722 1769 nostram
743 1700 1031 1768 juventutem
1060 1700 1201 1752 hinc
1185 1721 1234 1750 ιη
1267 1703 1489 1752 Euboeam
1508 1721 1592 1752 εκ-

299 1770 505 1831 trahere,
536 1773 825 1838 posteaquam
863 1791 946 1821 nos
994 1789 1133 1835 neque
1164 1772 1393 1820 decernere
1425 1773 1478 1819 id
1496 1771 1616 1836 fibi*

294 1839 584 1904 praefidium,
618 1858 758 1905 neque
780 1839 899 1889 velle
917 1839 1098 1913 illigari
1124 1841 1334 1888 Romano
1368 1839 1487 1888 bello
1508 1841 1591 1888 vi·-

299 1907 401 1965 dit,
439 1876 609 1956 oblinis
626 1907 865 1973 societatis
885 1926 983 1973 eJus
1015 1924 1147 1973 quam
1169 1925 1291 1956 nunc
1304 1906 1483 1972 jaciat,
1502 1926 1594 1956 va·

288 1976 483 2039 standos
501 1975 933 2043 depopulandosque
958 1975 1142 2025 Nabidi
1156 1993 1212 2024 ac
1227 1974 1593 2026 Lacedaemoniis

302 2043 509 2108 reliquit.
550 2046 629 2094 Ac
660 2045 772 2092 mihi
799 2045 977 2110 quidem
1010 2043 1188 2092 minime
1217 2047 1487 2094 conveniens
1516 2045 1593 2094 in-

301 2126 373 2160 ter
390 2111 443 2176 se
477 2112 626 2160 oratio
660 2112 995 2162 Cleomedontis
1022 2112 1137 2185 visa
1146 2111 1216 2178 est.
1241 2114 1476 2163 Elevabat
1491 2116 1593 2163 Ro-

303 2188 488 2228 manum
521 2179 723 2238 bellum,
764 2197 1055 2246 eventumque
1096 2198 1195 2243 eJus
1235 2183 1432 2230 eumdem
1453 2180 1591 2246 fhre,

304 2247 385 2313 qui
428 2247 600 2312 prioris
637 2248 747 2296 belli
783 2251 907 2314 quod
942 2265 1039 2297 cum
1086 2248 1308 2316 Philippo
1350 2247 1590 2317 geffirint‚

304 2314 503 2365 dicebat.
542 2317 634 2364 Cur
672 2317 811 2382 igitur
835 2320 1022 2385 nostrum
1055 2317 1136 2365 ille
1172 2317 1400 2368 auxilium
1431 2319 1594 2384 absens

296 2384 422 2450 petit
445 2384 606 2450 potius
626 2420 642 2442 ,
673 2402 806 2449 quam
821 2385 1018 2452 preesens
1046 2404 1131 2434 nos
1160 2401 1331 2434 veteres
1347 2387 1501 2450 socios
1513 2389 1592 2453 fi-

304 2452 405 2502 mul
436 2452 494 2499 ab
528 2452 718 2501 Nabide
742 2472 798 2502 ac
819 2454 1046 2503 Romanis
1076 2467 1282 2504 tueatur.
1275 2455 1299 2493 ἕ
1321 2457 1427 2503 Nos
1450 2456 1590 2507 dico:

368 2538 395 2580 6
412 2540 549 2581 Αεῆαὶ
560 2554 713 2596 porcus.
724 2541 742 2595 ]
763 2539 914 2582 Cotru·
978 2541 1110 2581 sensus
1131 2539 1335 2596 requirit,
1356 2538 1421 2596 sui
1440 2542 1594 2583 exerci-

304 2610 399 2655 ptus
422 2602 476 2642 est
504 2602 569 2643 hic
590 2604 702 2645 locus
725 2617 738 2644 t
761 2617 808 2643 ac
840 2617 915 2657 pro
978 2615 1039 2642 tus
1056 2630 1070 2647 ‚
1096 2599 1175 2656 suae
1209 2601 1312 2644 vires
1328 2630 1344 2653 ,
1380 2614 1452 2646 aut
1482 2604 1595 2662 alii-ld¹

303 2662 369 2710 his
393 2664 564 2711 vocibus
581 2664 716 2709 Achaei
736 2678 877 2723 portus
899 2692 919 2718 ι
978 2664 1073 2722 quid
1094 2663 1237 2710 slmile-
