1680 3052
275 130 320 187 L
363 142 384 184 1
428 141 463 182 B
510 139 545 182 E
588 140 628 181 R
728 120 1101 179 XXXIII.
1236 137 1337 195 173

71 208 266 259 redditis
313 206 619 264 hominibus,
653 217 673 267 5
711 200 911 268 perinde
948 215 1090 266 atque
1121 198 1204 264 ipsi
1236 201 1283 248 id
1315 219 1342 247 a
1362 210 1436 253 ης
1460 209 1553 262 556,

70 275 279 341 Quintio
315 277 366 324 ὅ(
391 274 622 323 Romanis
647 271 809 318 datum
841 267 980 326 esset,
1016 266 1239 314 miserunt
1261 285 1271 314 :
1293 267 1342 314 ὃ(
1361 266 1548 319 a.C.196.

68 347 276 394 comitiis
307 343 537 408 proximis
561 337 884 388 Boeotarchen
908 334 1086 383 nullam
1107 335 1245 380 aliam
1273 334 1338 382 ob

67 412 252 460 causam
269 410 576 475 Brachyllam
597 405 854 472 quemdam
871 442 882 462 ‚
905 403 1048 468 quam
1068 401 1200 466 quod
1223 419 1340 464 prae-
1354 429 1550 484 Brachyl-

64 478 213 529 feEIus
235 479 519 527 Boeotorum
542 474 862 540 apud-regem
897 470 1199 517 militantium
1226 467 1336 515 fuis-
1353 490 1547 533 gasaw,

63 546 133 596 set
152 578 166 607 ,-
202 546 417 594 fecerunt
437 562 450 602 3
473 542 721 609 praeteritis
749 540 1001 603 Zeuxippo
1019 574 1035 594 ‚
1061 536 1112 583 &
1134 534 1334 584 Pifistra-
1353 553 1505 594 taz-cha.

63 629 116 663 to
140 652 154 673 ‚
185 613 375 673 aliisque
399 647 413 671 ,
456 613 538 676 qui
569 609 805 657 Romanae
838 606 1075 654 societatis
1121 602 1338 652 auctores

63 681 265 730 fuerant.
290 678 346 728 Id
374 681 498 746 aegre
530 678 581 726 δε
608 680 656 725 in
682 674 926 741 praesentia
959 673 1005 720 hi
1030 669 1143 737 paffi
1164 706 1178 731 ⁵
1215 671 1266 718 &
1291 674 1342 719 in

62 749 271 798 futurum
293 750 436 797 etiam
469 761 654 795 metum
683 757 945 809 ceperunt,
968 756 1115 806 quum
1138 739 1197 785 ad
1223 756 1343 803 por-

63 830 134 866 tas
153 834 306 882 prope
335 815 530 864 sedente
559 813 772 861 exercitu
795 810 1021 858 Romano
1058 824 1114 855 ea
1133 804 1338 866 fierent,

58 885 286 948 quidnam
322 883 369 932 se
406 882 616 930 i'uturum
638 877 785 937 esset,
824 874 1049 942 profeffis
1079 876 1125 922 in
1152 873 1339 923 Italiam

62 951 324 1010 Romanis;
358 949 580 1014 Philippo
620 964 677 996 ex
707 946 984 1011 propinquo
1018 943 1174 991 socios
1204 941 1343 1005 adju.

58 1036 206 1073 vante
227 1059 240 1078 ‚
274 1020 326 1068 &
344 1016 516 1066 infesto
547 1017 617 1063 his
637 1016 716 1081 qui
737 1015 878 1080 partis
902 1009 1110 1060 adversae
1130 1008 1337 1060 fuissent.

127 1086 367 1136 XXVIII.
399 1084 533 1133 Dum
564 1083 787 1131 Romana
811 1098 939 1128 arma
960 1080 1233 1144 propinqua
1253 1078 1340 1126 ha-

56 1156 238 1207 bebant
260 1193 276 1213 ‚
321 1154 491 1204 tollere
529 1151 834 1213 Brachyllam
870 1148 1137 1213 principem
1170 1145 1335 1195 fauto-

57 1242 164 1273 rum
188 1225 310 1291 regis
345 1220 604 1270 statuerunt
633 1236 643 1267 :
666 1219 718 1267 &
745 1232 972 1281 tempore
1004 1215 1063 1262 ad
1088 1231 1195 1262 eam
1226 1231 1332 1263 rem

57 1307 239 1358 capto,
275 1307 419 1357 quum
450 1291 497 1337 in
532 1286 725 1354 publico
761 1284 978 1351 epulatus
1004 1297 1330 1331 reverteretur

56 1360 261 1409 domum
292 1358 616 1414 temulentus,
653 1350 1053 1421 prosequentibus
1098 1348 1327 1400 mollibus

51 1430 166 1479 viris
184 1466 199 1488 ‚
229 1430 307 1492 qui
329 1425 428 1491 joci
459 1427 596 1474 causa
618 1424 851 1473 convivio
879 1418 1060 1470 celebri
1091 1418 1329 1470 interfue-

52 1510 159 1545 rant
179 1513 192 1553 ;
216 1496 276 1544 ab
309 1494 386 1544 sex
408 1494 599 1543 armatis
621 1530 636 1551 ‚
668 1507 874 1559 quorum
899 1506 997 1538 tres
1025 1487 1208 1548 Italici,
1230 1503 1331 1538 tres

51 1563 201 1613 AEtoli
234 1578 370 1613 erant
390 1600 405 1623 ‚
441 1563 791 1610 circumventus
814 1558 1064 1609 occiditur.
1085 1555 1219 1623 Fuga
1239 1575 1333 1606 co-

53 1633 257 1690 mitum,
299 1632 354 1680 &
391 1631 633 1696 quiritatio
673 1628 822 1688 facia,
869 1627 922 1675 &
953 1625 1184 1676 tumultus
1224 1624 1332 1675 tota

49 1699 166 1749 urbe
197 1698 555 1748 discurrentium
594 1715 701 1745 cum
740 1696 997 1744 luminibus
1030 1712 1041 1741 :
1081 1691 1332 1759 percusso-

27 1785 124 1817 1res
159 1767 379 1833 proxima
410 1766 549 1833 porta
576 1764 844 1814 evaserunt.
878 1763 1005 1812 Luce
1029 1762 1183 1827 prima
1204 1780 1328 1810 con·-

50 1838 127 1886 cio
155 1835 380 1902 frequens
404 1872 417 1894 ‚
451 1835 481 1884 6
513 1834 648 1883 velut
671 1831 884 1881 exstante
903 1831 1080 1879 indicio
1100 1867 1114 1888 ‚
1143 1829 1204 1877 ad
1223 1848 1328 1878 vo·-

49 1921 158 1953 cem
186 1905 418 1969 praeconis
447 1918 721 1951 convocata
739 1903 785 1948 in
806 1900 996 1948 theatro
1016 1914 1134 1946 erat.
1159 1896 1325 1947 Palam

48 1973 108 2021 ab
139 1971 222 2020 suo
252 1973 486 2020 comitatu
523 1971 573 2019 &
605 1969 843 2018 obscoenis
875 1967 965 2015 illis
1001 1968 1113 2013 viris
1144 1965 1326 2015 freme-

45 2040 163 2090 bant
183 2038 485 2088 interfeflum
507 2055 517 2086 :
538 2039 706 2088 animis
726 2052 889 2086 autem
910 2035 1214 2101 Zeuxippum
1237 2052 1324 2083 au-

112 2184 129 2221 5
161 2171 329 2212 Perinde
348 2181 461 2224 atque
482 2170 554 2225 1¹in
567 2169 610 2209 id
624 2185 648 2209 a

49 2232 260 2293 Quintio-J
282 2233 452 2273 Perinde
471 2244 588 2285 atque
607 2232 647 2271 id

44 2296 84 2336 in
123 2296 241 2336 solius
275 2293 447 2347 Philippi
482 2293 647 2346 gratiam

42 2372 64 2397 a
83 2356 252 2408 Quintio
277 2356 318 2397 &
336 2355 526 2396 Romanis
547 2369 646 2395 con-

46 2417 188 2458 cessum
209 2417 304 2458 effet
325 2430 337 2462 ;
358 2416 460 2470 quafi
480 2430 559 2455 non
577 2414 645 2455 fibi

42 2478 278 2532 (Boeotis),
299 2478 364 2518 sed
384 2477 568 2530 Philippo
586 2477 644 2516 so-

43 2540 70 2579 li
95 2538 302 2592 gratificari
319 2539 533 2587 voluissent
554 2538 644 2578 Ro-

42 2601 159 2641 mani.
179 2600 272 2640 Hoc
302 2614 382 2640 non
415 2614 544 2640 tarum
575 2600 643 2639 in-

43 2673 246 2718 gratorum
283 2660 486 2704 hominum
527 2674 643 2703 com-

710 2179 889 2209 mentum
903 2166 958 2208 est
971 2195 982 2214 ‚
997 2178 1040 2207 ut
1057 2180 1075 2204 a
1091 2163 1232 2220 quibus
1250 2166 1321 2205 be-

710 2229 896 2271 neficium
908 2228 1100 2282 accepisse
1117 2228 1152 2267 se
1168 2241 1318 2282 negare
1351 2278 1355 2282 .

709 2307 791 2332 non
822 2289 981 2345 poffunt
1011 2317 1024 2337 ‚
1057 2303 1128 2329 eos
1161 2300 1317 2343 gratum

709 2352 776 2393 fibi
798 2354 933 2394 facere
955 2350 1120 2391 voluisse
1145 2359 1317 2404 negent.

769 2415 795 2455 6
831 2414 953 2455 Velut
994 2413 1167 2461 exstante
1209 2411 1317 2458 indi-

707 2476 813 2517 cio-‘l
831 2473 950 2529 Quasi
970 2473 1167 2513 exstarent
1186 2471 1251 2524 qui
1274 2471 1313 2511 se

706 2537 994 2590 profiterentur
1013 2535 1164 2574 indices
1185 2531 1315 2572 totius

704 2599 796 2642 rei.
849 2600 892 2639 ὅ(
928 2610 977 2636 ex
1021 2596 1161 2649 quibus
1201 2593 1313 2636 nosci

703 2660 862 2715 possent
893 2657 1010 2699 caedis
1049 2655 1249 2696 auetores.

976 2714 1024 2763 H
1049 2711 1095 2778 iij

1413 1333 1545 1377 Occi·

1341 1395 1466 1442 ditur.
