1680 3052
190 103 237 160 L
283 118 306 158 1
353 115 388 156 B
437 114 471 155 E
518 114 559 155 R
641 72 1099 157 XXXVIIL
1192 113 1299 180 555

25 181 124 233 sem
143 220 158 243 ‚
190 200 295 249 quae
329 181 395 230 ibi
426 177 541 228 effet
557 216 572 239 ,
594 176 805 227 Romam
827 179 1057 228 reducere
1079 179 1150 229 M.
1169 179 1304 229 Sem·
1329 197 1519 248 U·c·564·‘

14 250 251 318 ‘pronium
288 263 661 315 propraetorem.
694 245 934 312 Hispaniis
971 247 1190 312 legiones
1212 247 1306 298 sm-
1329 252 1518 297 mass.

23 319 150 386 gulae
169 355 184 378 ‚
216 335 320 384 quae
351 331 453 365 turn
484 317 533 363 in
563 316 617 363 iis
649 315 909 381 provinciis
939 328 1072 362 erant
1091 352 1107 372 ,
1139 316 1309 365 decre·-

27 400 89 434 tae
121 403 132 434 :
164 386 214 435 &
249 403 301 433 ut
328 401 462 434 terna
480 384 629 434 millia
651 383 898 449 peditum,
922 382 1138 431 ducenos
1165 386 1305 448 equi·

25 468 100 504 tes
131 455 278 503 ambo
305 469 535 520 praetores
571 453 620 501 in
649 451 1036 517 supplementum
1058 450 1194 500 sociis
1215 453 1310 498 im-

24 536 286 589 perarent,
319 520 580 586 secumque
613 521 1002 586 transportarent.
1036 517 1311 585 Priusquam

26 592 78 640 in
99 591 372 656 provincias
399 592 516 638 novi
538 587 835 655 magistratus
867 586 1313 654 proficiscerentur,

25 657 314 725 supplicatio
351 660 399 705 in
436 656 651 706 triduum
690 673 710 721 5
746 675 836 723 pro
880 657 1092 723 collegio
1118 656 1317 709 decem-e

31 728 248 775 virorum
285 728 519 792 imperata
561 724 650 772 fuit
685 726 734 772 in
759 724 1008 774 'omnibus
1051 725 1313 790 compitis,

26 793 66 852 ,6
86 794 218 860 quod
244 794 347 842 luce
367 797 489 842 inter
506 793 674 841 horam
704 794 892 842 tertiam
910 792 1065 841 ferme
1092 793 1143 840 ὅ(
1163 810 1314 858 quar-

31 874 134 911 tam
165 864 378 911 tenebrae
394 863 579 911 obortae
609 860 797 909 fuerant
819 879 833 920 ;
856 861 906 909 ὅ(
924 861 1218 910 novendiale
1239 861 1312 909 sa·
1336 880 1440 921 Luce
1466 893 1530 921 te-

33 928 266 978 crificium
302 930 531 978 indietinn
565 928 662 989 est,
698 929 828 995 qubd
869 931 917 977 in
959 928 1208 980 Aventino
1242 930 1311 978 la·
1335 945 1459 984 nehrae

34 998 228 1065 pidibus
264 997 467 1064 pluiss‘et.
498 996 773 1063 Campani,
805 1014 951 1063 quum
978 1015 1063 1046 eos
1094 1014 1154 1045 ex
1182 997 1314 1047 sena·
1340 1006 1501 1048 oborcae.

34 1065 359 1126 tusconsulto,
406 1066 539 1133 quod
582 1069 743 1131 priore
798 1083 926 1115 anno
969 1065 1144 1114 fastum
1182 1081 1320 1128 erat,

34 1134 260 1183 censores
285 1135 458 1183 Romae
481 1134 662 1184 censeri
684 1132 944 1200 coegissent
961 1172 976 1195 ‚
1003 1132 1154 1201 (nam
1175 1150 1319 1185 antea

34 1203 274 1251 incertum
321 1202 475 1252 fuerat
496 1241 511 1262 ‚
545 1202 627 1251 ubi
661 1201 1003 1268 censerentur)
1038 1203 1317 1267 petierunt,

37 1285 92 1320 ut
123 1269 209 1319 fibi
239 1273 370 1320 cives
407 1271 654 1319 Romanas
683 1270 858 1319 ducere
901 1287 1078 1319 uxores
1113 1271 1320 1330 liceret3

41 1339 130 1399 &‚
163 1339 196 1388 fi
231 1342 311 1405 qui
343 1341 471 1403 prius
516 1336 751 1387 duxissent
772 1376 785 1398 ,
820 1352 871 1386 ut
901 1338 1082 1387 habere
1119 1355 1229 1397 eas;
1267 1339 1322 1388 ὅ(

38 1420 152 1454 ante
189 1424 295 1456 eam
332 1407 461 1455 diem
486 1408 630 1466 nati,
661 1409 729 1454 uti
754 1405 859 1470 justi
886 1405 969 1454 fibi
1001 1406 1139 1455 liberi
1169 1407 1326 1456 haere-

42 1473 221 1540 desque
249 1472 397 1522 essent
427 1492 438 1522 z
465 1489 663 1540 utraque
692 1491 767 1522 res
794 1477 1065 1540 impetrata.
1100 1473 1182 1523 De
1206 1475 1330 1524 For-

42 1543 215 1591 mianis
247 1542 581 1609 Fundanisque
614 1543 932 1608 municipibus
953 1580 967 1601 ‚
1003 1543 1055 1591 &
1075 1542 1332 1609 Arpinati-

45 1610 135 1660 bus
159 1648 173 1669 ,
211 1609 273 1659 C.
294 1610 518 1658 Valerius
540 1609 744 1676 Tappus
775 1611 991 1660 tribunus
1024 1610 1180 1676 plebis
1209 1630 1331 1677 pro-

49 1678 287 1745 mulgavit
306 1716 322 1738 ‚
352 1679 421 1727 uti
450 1680 504 1726 iis
537 1676 739 1744 suffragii
761 1679 876 1728 latio
907 1678 1059 1746 (nam
1092 1680 1203 1728 ante
1232 1679 1333 1729 fine

46 1744 271 1814 suffragio
308 1744 575 1795 habuerant
610 1747 896 1814 civitatem)
939 1745 1069 1796 esset.
1096 1747 1225 1796 Huic
1246 1766 1335 1797 ro-

54 1816 239 1882 gationi
263 1829 468 1882 quatuor
485 1816 660 1862 tribuni
686 1815 841 1879 plebis
859 1852 873 1874 ‚
903 1818 1013 1881 quia
1036 1832 1135 1863 non
1163 1832 1221 1865 ex
1241 1834 1334 1864 au-

55 1883 272 1932 &oritate
292 1881 478 1931 senatus
503 1882 706 1931 ferretur
726 1920 739 1942 ,
771 1900 918 1949 quum
943 1884 1336 1946 intercederent,

55 1950 217 2000 edoffl
244 1988 257 2009 ,
288 1950 455 2016 populi
489 1949 582 1999 esse
605 1987 620 2009 ‚
663 1968 761 1998 non
799 1950 984 2000 senatus
1019 1949 1091 2016 jus
1115 1989 1130 2011 ,
1168 1951 1338 2002 suffra-

44 2057 58 2083 ,⁴
93 2021 191 2067 ium
211 2019 378 2084 quibus
400 2018 519 2067 velit
542 2020 800 2083 impartiri,
822 2017 1100 2068 destiterunt
1119 2022 1341 2085 incepto.

56 2037 273 2153 {ogatio
307 2087 489 2152 perlata
531 2084 630 2145 est,
666 2101 719 2136 ut
754 2088 803 2134 in
839 2087 1028 2136 AEmilia
1059 2088 1182 2136 tribu
1210 2088 1341 2137 For-

59 2158 205 2205 miani
249 2156 301 2203 &
330 2154 583 2213 Fundani3
616 2156 664 2202 in
701 2152 934 2205 Cornelia
958 2156 1218 2221 Arpinates
1241 2156 1342 2206 fer-

59 2238 167 2274 rent
187 2241 203 2284 3
238 2237 381 2306 atgue
410 2223 459 2270 in
479 2222 549 2271 his
563 2222 779 2273 tribubus
799 2237 900 2272 tum
917 2225 1125 2290 primum
1151 2242 1210 2275 ex
1227 2224 1342 2275 Va·-

268 2312 282 2329 Ο

130 2349 149 2387 5
178 2334 259 2376 Pro
288 2335 457 2391 collegio
484 2335 671 2376 decemvi·
733 2336 1067 2391 quemadmodum
1126 2335 1212 2378 fere
1240 2365 1251 2385 ‚
1307 2338 1340 2380 l.

63 2413 209 2440 rorum.
228 2398 243 2451 ]
264 2399 442 2438 Videtur
472 2398 549 2437 dici
581 2398 671 2451 sup·
733 2400 795 2441 lV
815 2427 828 2445 ,
865 2413 903 2440 c.
942 2412 1000 2450 44
1025 2427 1036 2447 ,
1068 2413 1143 2454 pro
1181 2399 1344 2456 collegii

63 2460 231 2515 plicatio
267 2460 458 2512 imperata
483 2474 557 2514 pro
590 2460 670 2499 col·
728 2458 943 2516 sententia.

64 2522 170 2578 legio
190 2521 570 2566 decemvirorum,id
587 2521 668 2569 est,
795 2521 822 2563 6
855 2521 975 2580 Quod
1008 2522 1144 2564 luce...
1177 2520 1342 2562 tenebrae

66 2597 121 2624 ex
161 2583 450 2624 deliberatione
487 2583 527 2623 &
573 2582 673 2637 jussu
735 2583 879 2627 obortae
903 2583 1124 2637 faenum]
1166 2583 1234 2625 Ob
1269 2585 1346 2634 de.-¹

67 2644 234 2702 collegii
305 2644 624 2692 decemvirorum
655 2674 670 2698 ,
735 2645 881 2690 fectum
914 2646 1021 2688 solis.

991 2700 1141 2775 ,Aaij
