1680 3052
354 149 471 213 234
635 132 693 196 T
733 154 754 194 1
797 150 839 194 τ
881 152 905 193 1
1002 135 1049 194 L
1095 151 1119 192 1
1160 150 1209 193 v
1249 149 1273 193 1
1319 147 1345 193 1

148 227 427 285 U,c,557,ter
456 215 621 267 consul
659 217 720 266 L.
750 217 975 267 Valerius
1015 216 1212 266 Flaccus
1243 220 1293 266 in
1329 215 1491 267 Gallia
1518 212 1630 273 cuni*

151 287 337 353 a-qus-
353 284 590 335 Boiorum
612 303 759 334 manu
785 301 987 352 propter
1001 284 1222 333 Litanam
1239 286 1428 352 sylvam
1448 323 1462 346 ‚
1488 285 1626 353 signis

157 342 541 403 Valeffflcollatis
563 391 579 414 ‚
606 354 818 403 secundo
848 353 1016 419 praelio
1053 353 1286 403 conflixit.
1317 352 1448 403 0610
1483 356 1639 407 millia-r

153 404 249 475 C⁰s5
352 420 609 470 Gallorum
640 421 756 470 caesa
787 421 1038 471 traduntur
1065 438 1075 468 :
1112 422 1293 481 ceterI‚
1328 419 1499 470 omisso
1528 420 1630 471 bel·-

152 467 281 538 B.⁰¹‘3⁵
351 489 434 549 lo,
468 492 517 537 in
550 492 690 538 vicos
723 489 833 539 suos
867 503 1010 555 atque
1048 506 1188 556 agros
1229 488 1409 555 dilapsi.
1449 487 1645 542 Consum

151 543 290 572 'mm’
350 559 591 624 reliquum
618 555 781 606 aestatis
801 559 924 606 circa
951 555 1134 606 Padum
1159 557 1414 607 Placentiae
1438 557 1489 606 &
1507 556 1632 608 Cre'-

349 643 510 674 monae
540 626 804 675 exercitum
830 626 995 674 habuit
1013 665 1028 687 ,
1056 625 1353 695 restituitque
1378 643 1485 693 quae
1508 628 1557 675 in
1575 623 1645 678 iic·

351 694 545 761 oppidis
584 694 716 743 bello
746 694 900 742 diruta
932 693 1138 744 fuerant.
1608 710 1616 718 ¹·

184 780 342 825 Grmiae
418 760 581 811 XXII.
619 761 793 827 Quum
820 762 896 811 hic
921 760 1064 810 status
1089 779 1248 812 rerum
1278 762 1328 810 in
1354 759 1492 811 Italia
1523 757 1641 813 His-.

138 843 283 898 status,
350 832 592 898 paniaque
624 828 772 891 esset,
799 829 869 879 T.
901 828 1147 895 Quintio,
1178 831 1226 878 in
1254 829 1445 880 Graecia
1464 832 1529 880 ita
1555 830 1634 879 hi-

173 902 176 903 ’
350 901 513 948 bernis
548 898 661 947 aclis
686 937 701 958 ‚
734 912 788 947 ut
821 899 1040 964 exceptis
1084 898 1296 957 AEtolis,
1329 899 1500 965 quibus
1543 914 1635 949 nec

351 985 443 1034 pro
473 966 555 1032 spe
585 966 801 1015 victoriae
824 969 1020 1032 praemia
1051 968 1359 1033 contigerant
1388 1004 1404 1028 ‚
1444 983 1534 1016 nec
1558 967 1636 1017 diu

352 1036 488 1100 quies
524 1035 718 1099 placere
752 1050 978 1100 poterat,
1006 1035 1227 1084 universa
1265 1033 1457 1084 Graecia
1499 1033 1636 1085 simul

350 1105 483 1170 pacis
504 1101 826 1170 libertatisque
846 1101 1096 1169 perfruens
1118 1102 1257 1152 bonis
1273 1140 1288 1163 ‚
1308 1102 1501 1170 egregie
1519 1101 1638 1156 statu

352 1170 440 1221 suo
481 1171 715 1238 gauderet
749 1209 765 1233 ‚
807 1188 897 1220 nec
939 1173 1092 1239 magis
1137 1173 1186 1220 in
1228 1171 1362 1221 bello
1404 1174 1636 1224 virtutem

351 1237 567 1290 Romani
617 1239 750 1288 ducis
784 1277 800 1300 ‚
852 1238 999 1305 quam
1034 1243 1083 1288 in
1122 1239 1324 1289 victoria
1354 1240 1640 1306 temperan-
1678 1262 1680 1281 ι

351 1309 472 1358 tiam
502 1307 824 1376 justitiamque
849 1308 901 1357 &
925 1307 1317 1358 moderationem
1347 1310 1601 1358 miraretur
1622 1342 1642 1371 ‚

358 1392 382 1443 3
404 1376 861 1427 senatusconsultum
875 1415 890 1437 ,
908 1393 1006 1443 quo
1026 1376 1210 1426 bellum
1228 1377 1458 1426 adversus
1476 1376 1638 1427 Nabin

350 1443 784 1495 Lacedaemonium
826 1445 1077 1495 decretum
1113 1461 1215 1496 erat
1238 1484 1253 1505 ,
1279 1444 1490 1495 affertur.
1515 1444 1639 1511 Quo

350 1512 478 1564 lecto
498 1552 514 1574 ‚
537 1512 772 1580 Quintius
789 1551 805 1575 ,
824 1530 1074 1564 conventu
1092 1512 1386 1565 Corinthum
1417 1516 1639 1563 omnium

353 1581 591 1633 sociarum
632 1585 881 1633 civitatum
917 1582 1238 1651 legationibus
1273 1584 1322 1631 in
1361 1583 1494 1632 diem
1528 1600 1642 1632 cer-

351 1665 452 1700 tam
491 1650 650 1701 edicto
673 1687 688 1713 ,
723 1653 808 1700 ubi
840 1651 1117 1718 frequentes
1150 1651 1265 1702 undi
1304 1667 1364 1701 ue
1394 1653 1641 1718 principes

351 1733 693 1770 convenerunt
716 1757 732 1781 ,
750 1721 816 1769 ita
840 1735 894 1767 ut
922 1736 983 1770 ne
1002 1719 1152 1770 AEtoli
1177 1669 1374 1787 quissem
1394 1719 1636 1781 abessent,

179 1789 435 1871 ngmgitali
468 1788 692 1839 oratione
725 1787 794 1837 est
825 1786 931 1836 usus
951 1790 1166 1838 :Bellum
1198 1789 1418 1837 adversiu-
1441 1789 1640 1853 Philip-

145 1875 279 1916 oratio
292 1875 456 1924 aApum
492 1876 582 1906 non
613 1857 759 1924 magis
792 1858 1016 1906 communi
1045 1858 1199 1906 animo
1230 1858 1503 1922 confilioque
1535 1859 1641 1906 Ro-

149 1933 310 1978 Graecos
352 1926 478 1974 mani
503 1926 547 1973 6²
573 1927 720 1975 Graeci
748 1923 996 1992 gefferunt‚
1016 1926 1150 1991 qua'm
1179 1926 1355 1990 utrique
1374 1924 1490 1989 ficas
1524 1943 1640 1972 cau-

146 1999 197 2038 de
234 1993 428 2058 bellosas
459 1993 567 2041 belli
600 1994 869 2042 habuerunt.
899 1997 1028 2042 Nam
1065 1994 1110 2042 ἃ
1137 1996 1444 2042 Romanorum
1476 1994 1642 2041 amici-

147 2060 332 2129 adversas
353 2063 466 2110 tiam
481 2098 498 2120 ,
519 2079 639 2110 nunc
661 2061 1052 2128 Carthaginienses
1074 2063 1209 2127 hostes
1233 2079 1380 2110 eorum
1396 2058 1644 2126 juvando,¹

150 2121 305 2165 Nabm.
353 2148 473 2178 nunc
501 2129 574 2177 liic
598 2130 743 2195 sociis
773 2132 929 2195 nostris
961 2130 1285 2196 oppugnandis
1304 2166 1318 2189 ‚
1345 2129 1643 2187 violaverat,⁷

352 2199 398 2247 6²
425 2199 473 2245 in
498 2216 581 2247 vos
616 2198 728 2246 talis
752 2196 852 2262 ficit
872 2235 888 2256 ,
914 2212 963 2245 ut
994 2198 1128 2247 nobis
1148 2235 1166 2256 ‚
1194 2198 1368 2261 etiamsi
1394 2197 1637 2261 nostrarum

347 2265 713 2332 oblivisceremur
750 2263 1025 2331 injuriarum
1057 2303 1074 2328 ,
1111 2268 1260 2333 vestrae
1296 2262 1474 2330 injuriae
1518 2265 1642 2330 satis

413 2388 435 2431 3
455 2374 871 2433 Senatusconsultum,
888 2394 963 2434 quo
1027 2379 1076 2421 ad
1103 2378 1237 2420 Nabin
1261 2377 1457 2419 attineret
1477 2405 1491 2424 ,
1525 2376 1643 2418 face-

348 2439 496 2482 hellum
507 2439 690 2481 adversas
703 2440 874 2496 Nabim]
885 2439 966 2484 Hic
1027 2451 1092 2483 ret
1108 2470 1118 2489 ,
1140 2456 1227 2496 quae
1241 2455 1264 2481 e
1279 2438 1488 2494 republica
1504 2440 1641 2481 cense-

349 2503 592 2557 requirimus
634 2502 741 2543 Livii
795 2503 965 2557 diligen·
1028 2513 1094 2546 ret
1122 2503 1215 2544 effe.
1235 2502 1359 2543 Unde
1391 2500 1517 2542 mimis
1546 2515 1645 2555 pro-

349 2565 464 2606 tiam.
478 2564 604 2619 Supra
615 2566 737 2613 enim,
752 2565 959 2611 XXXIII,
1025 2563 1113 2621 prie
1155 2565 1236 2605 dici
1284 2565 1444 2605 videtur
1490 2564 1641 2603 bellum

351 2639 429 2676 45,
443 2626 592 2681 scripsit
609 2626 832 2681 permissum
849 2626 961 2669 fuisse
1024 2625 1217 2668 adversus
1232 2626 1363 2667 Nabin
1381 2624 1644 2674 senatuscone

349 2700 378 2733 a
392 2688 533 2732 senatu
549 2689 602 2735 T.
623 2688 796 2747 Quintio
816 2720 828 2742 ,
850 2689 961 2745 quod
1025 2688 1130 2732 fulto
1150 2690 1380 2733 decretum·
