1680 3052
324 130 372 190 L
415 145 438 188 1
482 145 517 188 B
563 145 600 186 E
645 143 688 186 R
769 127 1105 188 XXXII.
1238 147 1346 188 111

35 222 38 225 ’
69 207 192 266 sibus
210 251 225 274 ‚
255 213 317 263 ad
338 213 469 278 spem
491 228 520 276 9
548 209 873 258 honoratioris
897 204 1075 258 milit'iae
1095 210 1554 279 transgres-U,c,554‚

69 283 104 332 fi
124 299 134 330 ε
155 284 244 331 hos
271 281 521 346 desperata
539 277 656 327 salus
675 315 689 338 ‚
716 277 750 325 fi
775 275 990 324 Romani
1011 276 1267 336 vicissent,
1292 281 1353 329 ad
1367 282 1554 337 .³.C.1<)8.

67 351 251 399 rabiem
294 352 444 416 magis
474 386 489 409 ‚
538 346 682 412 quem
733 344 983 394 audaciam
1034 346 1354 397 accendebat.

73 417 465 475 Promontorium
502 414 568 464 est
608 414 837 463 adversiis
872 411 1177 479 Sicyonem,
1200 412 1355 462 Juno-

66 488 141 535 nis
168 503 311 552 quarn
334 498 514 534 vocant
539 481 762 530 Acraeam
780 519 792 542 ,
820 482 866 529 in
884 482 1034 529 altum
1063 497 1319 529 excurrens
1341 500 1353 530 :

67 551 292 617 trajecius
324 552 434 601 inde
469 549 760 600 Corinthum
778 587 792 609 ‚
818 548 1002 616 septem
1023 549 1171 598 millia
1194 547 1351 600 ferme

67 620 280 688 paffuum
302 638 312 668 τ
336 621 397 669 eb
435 619 706 678 Philocles,
741 619 897 684 regius
941 617 994 666 δέ
1034 617 1134 683 ipse
1169 617 1354 683 praefe-

66 688 198 748 «stus,
230 688 360 738 mille
393 687 443 737 &
468 688 758 754 quingentos
791 686 966 735 milites
997 703 1083 752 per
1103 684 1350 735 Boeotiam

68 757 202 806 duxit
239 774 250 804 ε
279 755 451 822 praestb
497 755 631 804 fuere
667 754 725 803 ab
761 752 1002 803 Corintho
1037 753 1222 813 lembi,
1267 757 1348 821 qui
1396 765 1555 808 Reiic'ia

64 823 331 888 praefidium
371 825 418 872 id
463 839 717 889 acceptum
753 821 1011 871 Lechaeum
1050 821 1345 886 trajicerent.
1362 827 1542 869 Corinthi

64 892 246 942 Aucior
277 908 378 942 erat
424 891 650 950 Attalu5‚
683 889 884 939 incensis
922 891 1150 956 operibus
1195 893 1343 940 omit·
1360 905 1486 957 oppa.-

64 961 225 1010 tendae
288 960 535 1026 extemplo
597 960 991 1026 oppugnationis.
1053 958 1515 1009 Pertinaciusgna2200

66 1028 301 1094 Quintius
337 1032 384 1077 in
418 1030 617 1094 incepto
657 1026 895 1093 perstabat
932 1048 943 1077 :
979 1029 1014 1075 is
1040 1045 1272 1094 quoque,
1293 1045 1346 1079 ut

64 1115 155 1165 pro
192 1097 416 1147 omnibus
448 1098 598 1163 portis
623 1094 847 1162 disposita
879 1095 1003 1145 vidit
1026 1096 1243 1162 praesidia
1267 1115 1349 1147 re-

64 1168 172 1233 gia,
205 1182 296 1215 nec
327 1165 465 1215 facile
503 1166 858 1230 erumpentium
893 1166 1100 1230 impetus
1136 1163 1350 1215 sustineri

67 1233 200 1300 poffe
223 1270 237 1294 ,
263 1235 313 1284 in
349 1233 502 1282 Attali
534 1233 819 1282 sententiam
854 1231 1194 1282 conceffitzita
1213 1236 1348 1284 irrito

65 1304 293 1367 incepto,
338 1300 531 1350 dimiffis
571 1300 761 1350 Achaeis
788 1338 804 1361 ‚
830 1300 1038 1349 reditum
1085 1302 1146 1349 ad
1199 1319 1350 1353 naves

65 1368 150 1419 est.
184 1370 374 1420 Attalus
397 1368 664 1432 Piraeeum,
696 1368 909 1419 Romani
942 1367 1217 1437 Corcyram
1249 1388 1349 1438 pe-

63 1451 260 1487 nerunt.

129 1505 322 1554 XXIV.
354 1503 491 1554 Dum
517 1504 621 1555 haec
660 1505 718 1555 ab
743 1505 902 1554 navali
925 1507 1139 1556 exercitu
1170 1523 1347 1575 gerun-
1370 1524 1554 1566 Elatiam

59 1587 164 1635 tur,
195 1572 359 1624 consul
374 1575 422 1622 in
458 1573 672 1624 Phocide
706 1574 766 1623 ad
798 1572 1003 1623 Elatiam
1033 1574 1190 1624 castris
1214 1575 1346 1642 posi·
1360 1602 1408 1643 op
1439 1606 1483 1627 η,

62 1644 154 1703 tis,
184 1642 342 1708 primo
375 1642 631 1709 colloquiis
668 1659 773 1692 rem
818 1660 905 1709 per
940 1644 1182 1710 principes
1233 1641 1550 1707 Ela-gnatcos,

60 1710 280 1761 tienfium
315 1712 522 1760 tentavit
565 1728 576 1759 ε
615 1710 931 1778 posteaquam
957 1749 973 1772 ‚
1005 1713 1123 1760 nihil
1166 1710 1261 1763 esse
1299 1716 1348 1764 in

59 1795 205 1829 manu
236 1778 314 1828 sua
336 1817 351 1839 ,
390 1779 442 1828 &
477 1779 637 1845 plures
668 1779 1023 1845 validioresque
1060 1779 1153 1831 effe
1181 1783 1347 1849 regios

60 1846 207 1914 quam
247 1847 522 1914 oppidanos
545 1885 562 1909 ,
605 1847 986 1914 respondebatur
1016 1886 1031 1908 ‚
1075 1865 1181 1899 tum
1206 1849 1345 1900 simul

61 1915 121 1963 ab
154 1919 288 1965 omni
313 1931 448 1982 parte
470 1918 708 1982 *operibus
731 1917 965 1983 armisque
985 1917 1155 1968 urbem
1174 1917 1240 1967 est
1259 1937 1348 1986 ag-

61 1981 253 2049 gressus.
284 1985 450 2033 Ariete
487 1985 722 2046 admoto,
763 2001 781 2032 1
824 2000 1057 2052 quantum
1093 1989 1218 2036 inter
1244 2003 1347 2036 tur-

56 2068 134 2100 res
170 2053 291 2100 muri
327 2068 426 2101 erat
460 2069 711 2118 prorutum
747 2071 894 2119 quum
928 2055 1113 2120 ingenti
1151 2055 1345 2122 fragore

58 2136 115 2169 ac
163 2118 358 2187 strepitu
405 2120 619 2172 nudasset
661 2122 830 2173 urbem
853 2160 872 2185 ‚
900 2121 1038 2171 simul
1075 2124 1128 2173 &
1164 2125 1341 2175 cohors

120 2256 146 2297 9
164 2245 452 2287 Honoratioris
468 2249 665 2304 militia]
793 2262 810 2290 1
850 2248 1050 2308 Quantum
1081 2248 1186 2289 inter
1214 2262 1343 2291 turres

58 2306 179 2362 Apud
197 2308 399 2350 Romanos
419 2311 555 2351 militia
582 2323 665 2352 tet·-
727 2313 826 2352 muri
847 2324 931 2352 erat
956 2324 1162 2366 prorutum
1178 2327 1306 2366 quum.
1325 2315 1341 2367 ]

59 2369 189 2413 restris
235 2372 368 2411 navali
426 2373 664 2413 honoratior
730 2371 866 2424 Quum
913 2374 1061 2413 nudata
1112 2374 1153 2414 ὃ(
1199 2384 1344 2426 aperta

61 2443 146 2471 erat
165 2445 177 2472 ε
196 2431 234 2472 in
252 2433 354 2473 hanc
376 2433 552 2475 libertini
577 2435 663 2476 fere
726 2437 820 2476 urbs
841 2435 971 2476 fuisset
990 2463 1002 2483 ,
1027 2445 1198 2489 proruto
1217 2462 1228 2481 ,
1251 2448 1342 2474 cum

63 2493 440 2544 conscribebantur,
463 2510 531 2539 aut
551 2497 663 2538 certe
725 2497 880 2551 ingenti
901 2497 1062 2552 fragore
1083 2511 1126 2537 ac
1144 2496 1307 2549 strepitu
1323 2523 1345 2544 ,.

59 2555 267 2595 tenuiores
298 2570 348 2597 ex
374 2557 557 2613 ingenuis
575 2589 586 2608 ,
618 2570 662 2601 ut
725 2569 818 2600 toto
843 2559 915 2599 illo
943 2558 1043 2599 muri
1070 2557 1198 2610 spatio
1226 2557 1345 2615 quod

62 2614 174 2667 supra
203 2616 233 2657 l.
265 2617 476 2666 xxl1,c.
513 2633 560 2662 11
585 2650 598 2670 ‚
620 2623 663 2665 ὃ(
725 2621 833 2664 inter
865 2631 998 2663 turres
1028 2628 1133 2664 erato

61 2675 166 2719 infra
179 2677 209 2720 1.
232 2677 420 2728 XXXVI
436 2695 504 2732 ‚c-
530 2693 576 2726 20
