1680 3052
274 96 631 154 LIBER
713 90 1082 155 XXXIII.
1189 112 1296 178 145

30 176 194 229 locat:
221 190 426 226 cetratos
460 174 508 223 δι
540 172 873 223 Macedonum
906 175 935 224 8
972 175 1257 242 phalangem
1284 184 1501 241 ,U.c.553.·

34 246 173 296 hastis
206 242 399 310 positis,
429 259 629 307 quarum
657 241 913 308 longitudo
944 244 1502 307 impedimentoa-C-tw·

35 325 135 363 erat
157 352 167 370 ,
191 312 355 380 gladiis
380 327 480 359 rem
517 326 684 376 gerere
717 308 852 373 jubet
874 327 885 357 ε
904 308 1040 358 fimul
1072 315 1131 360 n'e
1162 311 1301 361 facile

33 392 423 448 perrumperetur
471 381 593 427 acies
613 415 627 435 ,
667 392 697 442 9
739 377 990 426 dimidium
1039 379 1100 426 de
1142 378 1303 428 fronte

34 449 284 514 demptum
305 445 528 495 introrsus
548 444 774 511 porreetis
795 444 1041 494 ordinibus
1062 445 1272 510 duplicat
1287 484 1307 507 ‚

35 532 86 565 ut
109 518 252 584 longa
278 517 434 581 potius
459 512 602 579 quam
632 514 728 562 lata
755 517 879 561 acies
905 512 1020 563 effer
1044 530 1055 562 :
1081 513 1215 562 fimul
1246 514 1302 562 &

36 583 217 633 densari
235 582 424 631 ordines
456 578 580 646 juffit
599 618 615 642 ‚
648 596 700 630 ut
729 583 804 631 vir
828 583 935 631 viro
958 618 974 643 ‚
999 599 1130 631 arma
1157 584 1304 633 armis

33 649 358 718 jungerentur.

103 718 190 767 IX.
218 717 451 782 Quintius
470 754 485 776 ‚
512 716 582 765 his
600 718 681 782 qui
703 718 749 765 in
774 716 940 781 praelio
971 716 1158 767 fuerant
1179 720 1305 767 inter

0 819 1 823 =
35 785 166 853 signa
183 787 231 834 &
252 787 444 834 ordines
461 786 666 850 acceptis
686 822 699 842 ‚
718 785 831 832 tuba
857 786 937 833 dat
957 784 1156 852 signum.
1172 785 1308 836 Raro

0 886 1 890 =
34 855 147 903 alias
180 870 335 903 tantus
367 854 548 901 clamor
583 853 751 900 dicitur
784 855 833 901 in
862 855 1101 919 principio
1134 872 1308 922 pugnae

37 938 261 983 exortus:
283 940 392 969 nam
418 920 544 969 forte
572 937 774 986 utraque
804 924 929 969 acies
953 920 1087 970 fimul
1116 924 1312 970 concla-

35 1001 230 1039 mavere
253 1007 264 1038 z
286 1007 377 1038 nec
407 988 561 1037 solum
595 990 677 1055 qui
711 989 1019 1056 pugnabant,
1048 989 1129 1039 sed
1163 989 1314 1039 subfi-

36 1057 116 1106 dia
134 1059 278 1106 etiarn
299 1095 314 1115 ,
337 1059 514 1123 quique
541 1072 642 1105 tum
668 1057 876 1105 maxime
902 1058 951 1104 in
974 1059 1190 1123 praelium
1214 1075 1310 1108 ve-

36 1126 249 1175 niebant.
264 1124 456 1173 Dextro
478 1142 628 1172 cornu
648 1141 731 1172 rex
750 1162 764 1184 ,
783 1125 878 1173 loci
899 1126 1155 1191 plurimum
1180 1127 1315 1175 auxi·

35 1193 102 1242 lio
121 1231 136 1254 ‚
155 1211 213 1241 ex
231 1191 353 1260 jugis
377 1192 623 1240 altioribus
651 1209 868 1259 pugnans
891 1230 905 1251 ‚
924 1195 1151 1242 vincebat
1169 1211 1183 1255 ;
1201 1195 1317 1244 smi⁴

40 1258 136 1309 stro
160 1299 174 1320 ‚
193 1278 293 1309 tum
324 1278 472 1326 quum
505 1260 710 1308 maxime
743 1262 1162 1326 appropinquante
1192 1264 1317 1328 pha·

38 1328 189 1395 langis
213 1343 344 1394 parte
359 1366 374 1389 ,
393 1346 498 1395 quae
519 1325 762 1376 noviffimi
787 1331 988 1394 agminis
1006 1328 1160 1378 fuerat
1178 1368 1192 1391 ,
1213 1330 1316 1380 fine

40 1397 140 1446 ullo
181 1397 348 1445 ordine
395 1395 737 1462 trepidabatur.
776 1395 947 1445 Media
995 1398 1122 1462 acies
1154 1435 1167 1458 ‚
1203 1415 1316 1465 quae

45 1466 77 1514 1:
102 1466 302 1530 propior
346 1462 580 1512 dextrum⁷
599 1481 751 1511 cornu
779 1478 880 1513 erat
908 1502 922 1524 ‚
953 1463 1102 1513 stabat
1127 1464 1319 1532 speeie&

38 1533 146 1581 culo
166 1533 300 1580 velut
317 1532 432 1580 nihil
460 1531 520 1579 ad
543 1529 591 1579 se
609 1533 891 1597 pertinentis
913 1550 1089 1600 pugnae
1109 1534 1320 1585 intentas

45 1598 311 1650 2'Phalanx
330 1637 348 1658 ,
382 1617 488 1665 quae
516 1613 718 1649 venerat
737 1637 751 1660 ,
774 1617 949 1667 agmen
979 1603 1131 1669 magis
1165 1602 1316 1669 quam.

706 1711 849 1751 buiffet
869 1724 880 1752 t
902 1712 1065 1752 dimidio
1095 1712 1144 1753 de
1177 1712 1320 1754 fronte

709 1773 875 1825 dempto
925 1774 1103 1826 duplicat
1153 1775 1319 1818 ordines

105 1714 128 1754 8
155 1711 394 1768 Phalangem
409 1740 419 1759 ‚
442 1710 557 1762 hastis
574 1725 645 1766 po·

33 1775 122 1833 fitis
143 1803 154 1822 ‚
175 1789 329 1829 quarum
354 1774 558 1828 longitudo
578 1773 645 1811 im-

38 1837 259 1893 pedimento
280 1849 364 1875 erat
379 1864 390 1882 ‚
406 1834 552 1890 gladiis
567 1848 645 1874 rem

40 1913 173 1955 gerere
195 1896 354 1949 juben]
379 1897 533 1936 Horum
557 1910 643 1935 orn·

43 1959 149 2000 nium
177 1959 272 1998 loco
292 1985 304 2004 ‚
337 1957 526 2012 Polybius
560 1967 644 1997 tan·

43 2019 251 2062 tummodo
268 2031 460 2059 memorat
481 2019 645 2074 phalan-

41 2083 144 2139 gitas
168 2079 290 2134 juffos
310 2079 381 2135 effe
401 2079 560 2134 demiffis
581 2077 643 2134 sa·

45 2142 142 2199 riffis
173 2143 312 2192 hostem
345 2142 542 2181 invadere.
574 2143 645 2182 At·

46 2219 122 2259 que
142 2206 227 2244 haec
244 2203 297 2243 est
314 2203 392 2257 ipsa
409 2204 466 2243 rei
482 2204 644 2244 veritas.

43 2265 180 2307 Livius
198 2265 407 2320 Polybium
435 2280 570 2318 parum
592 2265 648 2305 fe-

47 2324 174 2368 liciter
193 2328 272 2369 hoc
292 2328 386 2368 loco
405 2328 649 2381 interpreta-

49 2398 114 2430 tus
145 2388 214 2430 est.

113 2461 138 2501 9
178 2448 396 2490 Dimidium
427 2451 471 2490 de
510 2448 648 2503 fronte

51 2511 240 2564 demptum
261 2509 444 2564 introrsus
463 2511 650 2567 porreffis

52 2571 248 2612 ordinibus
267 2571 455 2625 duplicat.
473 2606 484 2622 J
501 2573 652 2627 Hypal-

708 1834 901 1875 introrsus
926 1835 965 1874 in
993 1836 1155 1892 longum
1172 1850 1324 1893 porte-0*

707 1896 810 1938 flos.

774 1969 791 1998 1
818 1956 993 2013 Propior
1019 1959 1195 1998 dextrum
1226 1964 1323 2005 cor-¹,

709 2022 810 2073 πω]
838 2019 1007 2074 Propius
1034 2022 1233 2061 accedens
1262 2019 1317 2062 ad

708 2082 893 2121 dextrum
927 2096 1069 2122 cornu.
1107 2083 1173 2123 Sic
1207 2091 1316 2123 amat

707 2144 818 2196 loqui
841 2143 990 2183 Livius.
1010 2143 1110 2185 Vid.
1133 2154 1222 2187 not.
1254 2154 1275 2198 3
1298 2170 1314 2192 ρ

708 2205 758 2244 ad
779 2204 967 2246 XXVIII
990 2233 1001 2252 ,
1023 2218 1098 2256 40.

774 2279 799 2306 2
834 2266 1020 2306 Phalanx
1040 2296 1053 2312 ,
1089 2284 1167 2322 quae
1198 2280 1318 2308 vene-

710 2327 818 2375 rat.]
839 2327 1016 2367 Multum
1033 2330 1182 2370 arridet
1203 2328 1317 2369 Gro-

712 2389 824 2428 novii
842 2389 1072 2441 conjthura
1088 2390 1289 2444 :phalanx
1301 2416 1316 2437 ,

713 2465 791 2504 quae
808 2451 906 2490 laeva
925 2464 1006 2490 erat
1021 2480 1033 2496 ,
1053 2452 1089 2490 id
1105 2452 1174 2498 est,
1189 2452 1319 2491 altera

712 2513 919 2566 phalangis
952 2527 1073 2565 pars,
1107 2527 1192 2565 quae
1228 2511 1322 2551 smi-

715 2572 831 2612 strum
851 2588 976 2613 cornu
995 2573 1233 2612 constituere
1252 2573 1322 2614 de·

50 2635 157 2690 lage.
179 2632 342 2685 Proprie
363 2633 466 2673 enim
484 2634 562 2676 dici
579 2634 655 2675 de·
716 2635 851 2676 bebat.
885 2635 1017 2676 Poffes
1060 2635 1100 2674 ὅ(
1137 2633 1325 2690 suspicari

194 2694 319 2762 Tom.
357 2697 414 2744 V.

1002 2690 1052 2742 G
