1680 3052
217 111 262 168 L
306 127 326 168 1
373 125 406 165 B
452 122 488 163 E
531 123 585 164 R·
654 102 1066 163 XXXVII.
1193 122 1304 184 435

34 187 221 248 hosteS,
257 207 306 239 ut
341 190 385 239 se
433 187 636 236 Rhodiae
672 183 797 234 classi
832 183 1218 251 conjungerent,
1252 188 1311 235 ab
1334 198 1400 238 ,].c
1425 196 1516 238 ‹62.

34 257 224 322 Ephe-so
252 255 524 323 profectus,
561 254 718 320 primo
754 252 814 301 ad
849 252 1180 317 Myonnesum
1216 254 1312 303 ste·
1329 252 1516 304 ἱ1·(Σ·19<>·

35 329 91 374 tit
120 343 129 373 2
168 326 278 373 inde
313 326 371 372 ad
404 323 592 372 Macrin
631 320 819 388 (quam
856 320 1074 385 vocant)
1117 320 1316 369 insulam

34 391 222 454 trajecit
243 430 257 452 ,
290 407 341 441 ut
376 390 771 456 praetervehentis
802 386 951 439 claffis
973 387 1006 436 st
1027 405 1142 453 quas
1174 388 1318 437 aber-

36 476 194 510 rantes
221 477 281 508 ex
318 461 510 525 agmine
541 474 688 505 naves
711 454 894 521 posset,
919 469 998 504 aut
1019 452 1316 520 postremum

39 544 213 594 agmen
242 528 516 592 opportune
551 525 834 573 adoriretur.
853 522 1167 588 Posteaquam
1189 521 1321 587 spar-

38 594 135 644 sam
167 592 450 659 tempestate
483 592 673 641 classem
705 591 862 649 vidit,
899 589 1201 639 occasionem
1222 592 1323 655 pri-

40 664 124 712 mo
169 661 481 729 aggrediendi
521 676 677 719 ratuS,
715 659 860 725 paulo
910 658 1015 724 post
1051 657 1320 707 increbres-

41 745 181 779 cente
206 744 351 778 vento
372 766 387 786 ,
423 730 475 776 &
506 726 715 790 majores
742 726 841 792 jam
862 727 1094 775 volvente
1115 725 1281 773 fluetus
1301 763 1318 786 ,

39 802 150 864 quia
183 798 437 864 pervenire
472 795 516 844 se
561 796 621 842 ad
651 811 738 843 eos
779 794 976 842 videbat
1012 812 1111 842 non
1146 792 1280 859 posse
1304 831 1321 854 ,

22 866 104 919 ·ad
138 862 612 913 AEthaliaminsulam
647 859 833 924 trajecit
868 879 878 909 ε
912 876 963 909 ut
995 861 1107 910 inde
1129 860 1324 926 postero

46 934 124 981 die
152 932 347 982 Samum
382 949 442 980 ex
489 931 587 979 alto
634 945 858 995 petentes
897 946 1043 978 naves
1084 930 1327 996 aggrede-

44 1015 188 1050 retur.
210 999 422 1048 Romani
440 1012 546 1064 pars
565 1000 762 1064 exigua,
782 998 944 1062 primis
964 998 1175 1045 tenebris
1199 1015 1325 1062 por-

45 1083 147 1119 tum
180 1067 351 1117 Samiae
380 1066 617 1115 desertum
649 1079 904 1113 tenuerunt
941 1083 951 1112 :
983 1063 1133 1113 claffis
1162 1080 1327 1116 cetera

46 1135 243 1185 noctem
276 1149 429 1184 totam
459 1137 507 1182 in
536 1135 635 1182 alto
657 1130 826 1197 jaciata
848 1170 863 1190 ,
884 1133 932 1179 in
966 1133 1192 1181 eumdem
1213 1151 1330 1197 por·

47 1219 150 1254 tum
194 1206 418 1253 decurrit.
463 1202 534 1250 lbi
568 1219 627 1250 ex
671 1199 924 1268 agrestibus
967 1203 1194 1267 cognito,
1226 1201 1327 1249 ho-

47 1271 186 1320 stium
217 1288 366 1320 naves
399 1269 459 1318 ad
494 1269 749 1318 AEthaliam
780 1267 929 1325 stare,
965 1267 1213 1317 confilium
1235 1270 1327 1317 ha-

49 1341 203 1389 bitum
222 1378 237 1400 ,
267 1342 423 1388 utrum
456 1339 704 1402 extemplo
727 1336 1045 1385 decernerent
1065 1374 1079 1395 ,
1100 1355 1159 1384 an
1186 1335 1328 1385 Rho-

51 1408 179 1456 diam
220 1407 545 1472 exspeRarent
577 1403 797 1464 claffem3
822 1404 967 1453 dilata
989 1421 1037 1453 re
1072 1403 1175 1470 (ita
1197 1405 1331 1454 enim

49 1474 264 1542 placuit)
300 1472 588 1539 Corycum,
632 1472 759 1521 unde
809 1487 1080 1531 venerant,
1115 1470 1329 1536 trajece-

52 1558 178 1592 runt.
216 1542 543 1608 Polyxenidas
579 1557 770 1607 quoque
794 1577 808 1599 ,
845 1558 992 1606 quum
1028 1539 1195 1588 frustra
1227 1539 1331 1589 ste-

49 1609 205 1670 tisset,
243 1609 484 1676 Ephesum
520 1610 675 1657 rediit.
720 1607 850 1656 Tum
899 1607 1135 1656 Romanae
1176 1626 1326 1657 naves

53 1696 208 1726 vacuo
236 1678 294 1726 ab
315 1676 524 1725 hostibus
548 1680 666 1724 mari
685 1675 882 1724 Samum
899 1673 1207 1739 trajecerunt.
1228 1674 1328 1725 Εό-
1399 1680 1523 1728 Κοινὴ·

55 1746 168 1795 dem
200 1747 252 1795 &
285 1745 478 1793 Rhodia
504 1743 655 1792 claffis
688 1742 796 1809 post
823 1744 922 1792 dies
947 1762 1128 1809 paucos
1162 1741 1465 1804 venit3claffis

53 1831 198 1880 quam
236 1829 286 1862 ut
316 1811 634 1878 exspeclatam
675 1810 767 1861 esse
806 1827 1087 1877 appareret,
1123 1812 1432 1877 profeffimeq
1468 1804 1530 1846 E·

54 1883 305 1948 extemplo
344 1881 447 1930 sunt
478 1878 753 1946 Ephesum,
794 1894 846 1928 ut
880 1894 959 1927 aut
1006 1868 1507 1939 decernereml'hefflm·

55 1951 214 2000 navali
244 1951 503 1998 certamine
522 1985 536 2007 ,
558 1962 636 1996 aut
656 1985 671 2007 ,
690 1946 724 1995 fi
753 1947 1037 1996 detrectaret
1067 1946 1212 1997 hostis
1238 1968 1333 2015 pu-

56 2036 200 2086 gnam
223 2055 236 2076 ,
281 2015 453 2082 (quod
472 2016 727 2081 plurimum
746 2017 974 2064 intererat
999 2015 1027 2065 8
1053 2016 1112 2063 ad
1144 2018 1333 2067 animos

57 2083 346 2150 civitatum)
379 2084 562 2131 timoris
592 2081 942 2132 confeffionem
989 2086 1336 2149 exprimerent.

58 2152 245 2203 Contra
280 2151 443 2200 fauces
480 2149 644 2217 portfis
676 2149 896 2198 instructa
927 2153 973 2197 in
1004 2151 1217 2200 frontem
1246 2171 1335 2201 na-

57 2223 193 2269 vium
228 2221 330 2268 acie
365 2218 562 2267 stetere:
584 2217 899 2284 posteaquam
922 2234 1070 2267 nemo
1100 2220 1334 2268 adversus

58 2290 185 2348 ibat,
219 2285 354 2336 classe
389 2285 570 2345 divisa,
599 2304 705 2352 pars
727 2288 774 2334 in
798 2285 893 2334 salo
924 2287 983 2334 ad
1014 2286 1184 2335 ostium
1218 2305 1337 2353 por-

61 2356 133 2406 tfis
166 2359 212 2404 in
250 2356 439 2404 ancoris
474 2353 628 2414 stetit;
662 2373 767 2420 pars
789 2356 835 2402 in
858 2369 1033 2403 terram
1053 2355 1225 2403 milites
1246 2373 1338 2404 ex-

60 2423 236 2491 posuit.
268 2438 299 2490 9
323 2421 378 2472 In
403 2439 488 2472 eos
517 2419 614 2489 jam
638 2424 884 2490 ingentem
905 2422 1115 2488 praedam
1135 2423 1228 2472 late
1248 2423 1339 2472 de·

128 2566 152 2613 8
171 2573 240 2613 Ad
259 2572 406 2614 animos
427 2572 665 2627 civitatum]
732 2575 780 2616 ab
798 2573 1008 2615 Antiocho
1026 2561 1276 2615 alienandos.

68 2634 361 2694 Adjungendos
398 2635 589 2679 Romanis
628 2638 672 2679 ὅ(
797 2647 824 2690 9
857 2634 908 2678 In
942 2651 1006 2678 eos
1030 2635 1341 2700 jam-ingentem

1037 2692 1142 2761 Ti]
