1680 3052
180 205 183 207 ,
285 129 473 192 Ltn
523 138 638 188 tn
737 125 1066 188 XXXII.
1239 143 1320 209 77

35 204 122 267 'ties
143 233 154 265 z
176 213 236 265 de
258 213 429 265 ceteris
447 251 461 275 ,
490 210 523 260 s1
541 213 589 260 in
607 208 704 260 fide
724 222 1067 277 permanerent
1082 247 1097 268 ‚
1116 209 1220 275 spes
1239 212 1309 260 fa·
1324 229 1524 282 U.c.5'52.⁴

36 283 124 334 Eia.
165 282 444 334 Petentibus
481 278 686 337 iisdem,
723 280 803 345 qui
847 295 949 326 non
983 276 1310 328 reddebantur
1325 286 1518 337 a.C.199‚

0 389 1 425 ¹
37 350 262 413 obfides,
289 365 340 399 ut
379 348 438 397 ab
484 346 652 396 Norba
673 384 688 407 ‚
721 346 803 395 ubi
841 362 1012 412 parum
1045 347 1311 396 commode

0 435 1 464 r
36 417 217 480 essent,
257 417 350 467 alio
384 414 780 474 traducerentur,
826 411 1099 462 concessum
1142 429 1193 462 ut
1230 413 1312 462 Si-

0 480 1 521 }
37 488 198 555 gniam
218 486 268 534 &
288 483 595 534 Ferentinum
614 481 881 532 transirent.
919 479 1171 530 Gaditanis
1195 482 1314 530 item

0 567 1 614 ᾗ
39 554 313 622 petentibus
354 549 632 611 remissum,
682 566 703 597 1
747 563 808 599 ne
850 549 1102 616 praefefius
1144 546 1315 599 Gades

0 652 1 672 ;
37 623 305 670 mitteretur
324 655 340 678 ‚
374 619 604 668 adversus
628 618 762 685 quod
787 619 871 679 iis,
897 618 945 665 in
972 616 1122 667 fidem
1142 617 1315 682 populi

0 706 1 716 ¹
34 687 244 738 Romani
272 687 577 737 venientibus
598 723 612 746 ‚
646 698 756 734 cum
785 684 839 734 L.
878 684 1063 734 Marcio
1088 684 1312 750 Septimo

0 792 1 796 ,
33 751 346 807 convenisset.
395 753 455 804 Et
494 753 828 804 Narniensium
866 753 1067 820 legatis,
1102 770 1313 818 quc-:reno

30 824 155 874 tibus
189 823 249 872 ad
286 839 539 872 numerum
575 820 661 870 fibi
702 822 907 871 colonos
945 839 1045 870 non
1082 820 1210 880 esse,
1253 822 1308 870 &

30 890 261 941 immistos
295 889 532 958 quosdam
557 906 659 939 non
682 888 750 938 sui
784 890 973 956 generis
1005 907 1093 955 pro
1119 890 1311 939 colonis

29 953 78 1008 se
113 975 278 1025 gerere
301 997 314 1018 ‚
345 972 510 1008 earum
530 975 692 1007 rerum
715 957 853 1006 causa
875 958 1155 1005 triumviros
1177 974 1313 1006 crea-

26 1042 80 1077 re
114 1027 168 1077 L.
200 1026 458 1077 Cornelius
483 1025 645 1075 consul
674 1023 814 1089 jussus
842 1028 1020 1073 :creati
1037 1023 1087 1073 P.
1118 1024 1171 1073 &
1193 1025 1309 1080 Sex.

28 1094 175 1155 AElii,
210 1093 388 1157 (Paetis
418 1094 506 1143 fuit
537 1094 772 1142 ambobus
806 1091 1127 1160 cognomen)
1155 1093 1207 1142 δὲ
1243 1092 1308 1143 C.

28 1160 288 1213 Cornelius
327 1162 588 1212 Lentulus:
609 1161 743 1229 quod
771 1158 1112 1210 Narnienfibus
1140 1161 1308 1211 datum

30 1245 164 1292 erat,
202 1248 229 1280 2
255 1245 309 1280 ut
337 1231 629 1280 colonorum
660 1245 885 1278 numerus
923 1242 1215 1296 cogeretur,
1257 1230 1310 1281 id

33 1297 212 1349 Cosani
240 1310 463 1364 petentes
497 1315 598 1364 non
633 1298 1036 1365 impetraverunt.

95 1366 178 1416 ΠΙ.
207 1365 375 1415 Rebus
409 1383 516 1433 quae
550 1365 725 1415 Romae
755 1365 956 1433 agenda:
979 1379 1116 1416 erant
1146 1366 1311 1434 perfe⁶

25 1430 144 1497 ἂὶε,
186 1433 406 1485 consules
446 1436 496 1483 in
540 1435 816 1501 provincias
849 1433 1071 1502 profecti.
1104 1434 1158 1485 P.
1193 1436 1309 1486 Vil-

0 1502 176 1563 Jium,
210 1503 260 1552 in
307 1496 656 1553 Macedoniam
693 1520 844 1571 quum
886 1502 1120 1566 venisset,
1164 1518 1306 1555 atrox

21 1569 193 1621 seditio
232 1571 440 1621 mllitum
472 1569 572 1635 jam
607 1572 717 1621 ante
746 1572 922 1621 irritata
942 1608 959 1632 ,
989 1589 1080 1622 nec
1113 1571 1220 1622 satis
1255 1575 1304 1623 in
1347 1575 1505 1623 Seditfo

0 1640 260 1706 *principio
301 1639 600 1706 compressa,
635 1642 842 1707 excepit.
883 1638 1004 1690 Duo
1044 1640 1190 1691 millia
1213 1643 1481 1690 mi..militum

21 1707 158 1756 litum
189 1707 323 1759 fuere
342 1747 358 1771 ,
388 1710 469 1776 qui
499 1726 560 1760 ex
583 1708 748 1759 Africa
773 1706 879 1776 post
911 1708 1154 1759 devikium
1191 1707 1351 1759 An-l‘ff
1404 1703 1508 1772 Ma-

21 1775 233 1826 nibalem
267 1778 316 1826 in
354 1776 564 1828 Siciliam
591 1815 607 1840 ‚
653 1779 767 1828 inde
801 1795 932 1828 anno
971 1777 1073 1828 fere
1108 1777 1216 1845 post
1252 1767 1496 1829 incedoma.

0 1867 2 1869 ·
23 1840 369 1896 Macedoniam
390 1860 479 1913 pro
504 1846 788 1897 voluntariis
810 1847 1114 1915 transportati
1134 1862 1303 1906 erant:

86 1941 105 1971 1
147 1930 214 1970 Ne
258 1930 455 1986 praefeflus
494 1927 626 1974 Gades
753 1947 778 1976 2
803 1933 861 1976 Ut
879 1933 1107 1976 colonorum
1125 1944 1305 1978 numerus

18 1989 238 2032 mitteretur
249 2019 261 2039 ,
273 1993 453 2035 adversus
473 1997 588 2050 quod.
605 1998 626 2051 ]

0 2051 152 2108 ·Junge
166 2054 252 2093 haec
268 2053 334 2095 fibi
351 2055 537 2098 invicem.
554 2058 625 2097 Ni-

0 2115 158 2154 :mirum
179 2125 319 2155 contra
338 2130 384 2156 ea
403 2132 488 2171 quae
514 2119 626 2172 paRa

18 2174 177 2217 fuerant
196 2176 420 2218 Gaditanos
447 2179 552 2221 inter
580 2181 620 2221 ὃ(

0 2235 215 2286 ῐΜπείιιηι
250 2266 262 2285 ,
312 2239 523 2291 praefeSius
573 2243 621 2282 ab

1 2297 143 2339 :Roma
165 2299 302 2341 Gades
329 2302 432 2342 mitti
464 2314 620 2357 coeptus

0 2367 118 2403 fetat.
138 2361 257 2401 Nunc
286 2376 385 2417 ergo
407 2363 620 2406 Gaditanis

0 2422 246 2474 sspetentibus
267 2425 503 2466 conceditur
523 2454 535 2473 ‚
567 2440 619 2467 ne

0 2481 94 2541 fiam
122 2481 160 2522 in
187 2496 325 2525 eorum
349 2487 487 2526 urbem
517 2501 619 2541 prae·

19 2541 143 2583 sessu‘s
169 2544 360 2585 mittatur.
380 2546 445 2587 De
472 2549 618 2602 praefe-

19 2603 85 2644 fiis
139 2603 212 2653 juri
269 2606 442 2647 dicundo
472 2637 484 2657 ,
534 2611 616 2654 vid.

19 2674 100 2708 not.
127 2677 142 2707 1
169 2665 249 2715 ,ad
268 2666 329 2709 IX
347 2696 358 2717 ,
395 2679 466 2712 20.

690 2010 906 2053 cogeretur.
924 1996 945 2047 ]
998 1995 1265 2039 Perficeretur
1285 2027 1299 2048 ‚

688 2059 1146 2112 absolveretur‚partim
1165 2060 1302 2101 redire

687 2118 869 2172 jubendo
887 2121 927 2160 in
945 2120 1146 2161 coloniam
1159 2149 1171 2169 ,
1189 2120 1213 2161 fi
1233 2122 1300 2175 qui

686 2181 764 2223 alio
789 2181 953 2235 dissipati
981 2192 1094 2222 erant
1116 2210 1128 2230 ,
1151 2184 1299 2236 partim

686 2244 948 2284 adscribendo
971 2258 1118 2284 novos.
1139 2245 1205 2284 Sic
1234 2259 1299 2284 co-

681 2319 770 2360 gere
786 2305 949 2346 militem
963 2333 974 2351 ,
989 2306 1211 2360 pecuniam,
1225 2306 1298 2355 sti-

677 2367 862 2421 pendium
883 2394 894 2414 ,
928 2366 982 2406 est
1012 2366 1202 2420 cujusque
1236 2366 1298 2408 rei

683 2438 838 2469 certum
857 2442 902 2468 ac
927 2427 1131 2468 definitum
1151 2442 1296 2467 nume-

682 2504 766 2529 rum
785 2488 1002 2530 conficere.
1018 2488 1191 2540 Quidam
1209 2489 1295 2528 edi-

679 2550 711 2590 ti
727 2552 875 2591 habent
893 2578 903 2597 ,
919 2563 960 2589 ut
978 2550 1205 2590 colonorum
1220 2564 1293 2589 tm-

679 2626 803 2652 merus
820 2623 1048 2666 augeretur:
1064 2625 1151 2664 quae
1169 2611 1292 2655 leffio

680 2672 838 2717 facilior
857 2672 911 2715 est
928 2673 969 2716 &
988 2672 1236 2722 expeditior.

975 2728 1025 2780 D
1043 2726 1092 2799 iij*
