1680 3052
357 126 715 185 L1131-:n
800 124 1087 184 XXXI.
1272 145 1349 206 27

66 208 186 260 idem
223 206 427 258 admistis
453 245 469 268 ‚
509 208 606 273 regi
640 221 800 272 portas
837 206 1130 255 clauserunt:
1154 222 1210 256 ea
1247 220 1551 274 op-U.c.552.

67 281 302 345 pugnatio
347 277 426 324 diu
470 275 740 339 Philippum
785 277 937 322 tenuit
974 290 984 320 ε
1022 276 1239 338 eripique
1286 276 1553 324 exa.C.2co.

71 345 322 394 obsidione
350 382 363 403 ‚
397 345 445 391 ni
486 341 709 391 cessatum
745 342 804 389 ab
838 340 1008 389 Attalo
1051 341 1103 388 ὅ(
1140 340 1347 393 Rhodiis

70 412 196 462 foret
225 449 241 472 ‚
294 427 572 478 potuerunt.
626 408 815 458 Attalus
865 424 1108 458 trecentos
1158 412 1346 459 tantum

69 482 244 530 milites
296 482 344 527 in
395 477 660 544 praesidium
690 514 706 538 ‚
754 474 933 525 Rhodii
989 476 1349 542 quadriremem

65 564 212 597 unam
236 564 294 596 ex
325 544 462 594 classe
483 584 497 605 ‚
523 562 670 612 quum
698 545 757 593 ad
779 543 1039 594 Tenedum
1071 542 1238 605 staret,
1255 547 1349 594 mi-

67 615 260 665 serunt:
292 613 468 663 eodem
503 612 697 680 postea,
732 630 880 678 quum
911 611 1008 676 jam
1036 615 1115 661 vix
1144 611 1348 663 sustine·

67 697 175 733 rent
204 680 506 732 obsidionem
533 720 546 742 ‚
575 683 626 730 &
660 679 761 747 ipse
789 680 981 730 Attalus
1017 697 1167 746 quum
1197 679 1347 745 traje-

62 749 195 801 cisset
212 788 227 810 ‚
255 750 388 816 spem
408 750 592 798 tantum
614 749 774 798 auxilii
797 766 856 798 ex
884 751 1160 816 propinquo
1186 749 1348 804 ostem,

60 819 166 878 dit3
202 835 358 885 neque
390 818 546 877 terra,
570 833 726 882 neque
763 819 882 865 mari
909 817 1083 881 adjutis
1117 816 1275 866 sociis.

135 885 296 935 XVII.
326 886 561 953 Abydeni
591 886 750 951 primo
783 886 1038 934 tormentis
1066 901 1153 951 per
1179 902 1346 935 muros

63 952 326 1019 dispositis,
353 972 453 1003 non
484 954 611 1002 terra
645 952 798 1002 modo
831 953 1063 1002 adeuntes
1099 952 1228 1002 aditu
1265 971 1345 1007 ar-

60 1022 234 1072 cebant
263 1060 278 1082 ,
306 1021 387 1071 sed
430 1037 457 1069 2
498 1023 693 1071 navium
732 1038 926 1088 quoque
968 1020 1221 1070 stationem
1257 1022 1345 1071 in-‘

56 1088 227 1139 festam
262 1088 383 1138 hosti
419 1089 658 1138 faciebant
691 1106 704 1138 ε
736 1088 904 1155 postea
939 1106 1088 1156 quum
1128 1090 1179 1138 ὃ(
1215 1090 1342 1140 muri

58 1175 167 1224 pars
213 1156 351 1207 strata
395 1159 539 1207 ruinis
573 1194 589 1219 ‚
627 1157 681 1206 &
728 1157 790 1206 ad
839 1159 1119 1207 interiorem
1161 1160 1338 1223 raptim

57 1224 340 1292 oppositum
387 1243 576 1274 murum
619 1224 845 1273 cuniculis
893 1222 989 1289 jam
1044 1242 1334 1292 perventum

61 1292 174 1342 effet
197 1312 211 1353 ;
235 1296 421 1362 legatos
454 1294 514 1343 ad
543 1310 706 1361 regem
724 1331 738 1354 ‚
764 1293 825 1342 de
854 1294 1216 1342 conditionibus
1238 1305 1338 1349 tra-j

57 1361 233 1411 dendae
268 1363 392 1411 urbis
418 1399 432 1422 ‚
470 1361 707 1411 miserunt.
738 1360 1099 1411 paciscebantur
1126 1378 1286 1411 autem
1316 1378 1337 1424 ,·

55 1444 109 1478 ut
141 1428 384 1478 Rhodiam
414 1430 802 1496 quadriremem,
834 1447 943 1479 cum
970 1430 1108 1479 sociis
1139 1431 1333 1480 navali-

56 1496 146 1545 bus
169 1534 184 1556 ,
211 1496 460 1564 Attalique
490 1497 757 1563 praesidium
784 1498 940 1547 emitti
970 1499 1165 1558 liceret3
1186 1514 1331 1564 atque

48 1563 163 1630 ipsis
203 1566 321 1615 urbe
360 1566 596 1615 excedere
632 1583 742 1615 cum
779 1564 970 1633 singulis
1014 1565 1331 1617 vestimentis.

54 1632 251 1697 Quibus
280 1652 426 1699 quum
462 1634 706 1701 Philippus
741 1634 856 1682 nihil
884 1636 1076 1700 pacati,
1103 1633 1188 1683 nisi
1217 1652 1328 1684 om·
1369 1640 1536 1698 Abydi-3

54 1702 132 1750 nia
161 1701 546 1767 permittentibus
569 1738 583 1762 ,
614 1701 927 1769 respondisset
951 1720 965 1762 3
987 1703 1111 1752 adeo
1140 1720 1324 1753 renun-
1339 1718 1474 1744 norum

49 1770 174 1817 ciata
224 1770 324 1818 haec
377 1772 551 1838 legatio
606 1771 664 1818 ab
707 1771 1040 1838 indignatione
1086 1770 1221 1820 simul
1267 1765 1485 1821 acrabin,

46 1835 384 1900 desperatione
412 1840 530 1887 iram
561 1839 779 1888 accendit
804 1875 818 1899 ,
843 1855 896 1888 ut
924 1839 984 1888 ad
1007 1838 1324 1905 Saguntinam

52 1904 235 1954 rabiem
265 1905 388 1955 versi
406 1944 420 1965 ,
443 1919 687 1956 matronas
713 1924 884 1956 omnes
912 1907 961 1955 in
992 1908 1179 1972 templo
1201 1907 1325 1958 Dia—

53 1989 159 2032 nae,
188 1990 362 2037 pueros
411 1975 646 2041 ingenuos
683 2013 697 2032 ,
733 1975 1036 2041 virginesque
1071 2013 1084 2033 ,
1116 1975 1323 2026 infantes

51 2042 198 2088 etiam
233 2058 342 2088 cum
373 2041 462 2091 suis
496 2042 756 2091 nutricibus
783 2080 797 2103 ‚
824 2044 873 2090 in
910 2042 1214 2110 gymnasium
1248 2046 1324 2093 in-

49 2107 179 2156 cludi
214 2105 433 2168 juberent
454 2127 465 2157 t
489 2128 655 2159 aurum
689 2111 740 2159 &
774 2126 1027 2176 argentum
1071 2113 1118 2158 in
1158 2110 1320 2162 forum

51 2174 227 2224 deferri
258 2214 272 2236 ,
307 2175 488 2225 vestem
520 2178 775 2244 pretiosam
812 2180 860 2226 in
894 2195 1041 2228 naves
1072 2177 1321 2230 Rhodiam

51 2243 448 2311 Cyzicenamque
471 2283 486 2303 ‚
517 2263 621 2310 quae
646 2248 693 2295 in
727 2261 870 2311 portu
900 2254 1035 2296 erant
1052 2284 1066 2307 ‚
1086 2250 1318 2313 congeri:

47 2311 320 2362 sacerdotes
359 2311 666 2379 viffimasque
706 2315 878 2363 adduci
910 2351 925 2374 ‚
969 2315 1022 2363 &
1064 2315 1226 2363 altaria
1269 2316 1319 2364 in

49 2382 213 2430 medio
241 2382 390 2446 poni:
415 2381 479 2428 ibi
511 2380 681 2430 delecti
710 2383 918 2448 primum
936 2419 951 2442 ,
980 2383 1090 2448 qui,
1108 2382 1190 2430 ubi
1222 2399 1318 2430 cae-

48 2446 144 2497 sam
172 2451 324 2498 aciem
354 2447 546 2499 suorum
567 2486 582 2510 ‚
614 2467 705 2518 pro
744 2449 902 2500 diruto
935 2466 1074 2500 muro
1099 2466 1320 2517 pugnan-¹

112 2611 137 2640 2
155 2599 644 2656 Navium.0.stationem.]
709 2602 750 2658 pi
769 2603 890 2644 muita
909 2601 1160 2643 incommoda
1179 2599 1318 2648 eoffubi

45 2659 282 2705 Efficiebant
297 2673 340 2706 ut
358 2677 481 2707 naves
499 2662 650 2720 Philip-
710 2665 863 2708 stabant
877 2665 972 2706 loco
993 2673 1247 2715 paterentur.

947 2718 1041 2788 Bij
