<?xml version="1.0" encoding="UTF-8"?>
<!DOCTYPE html PUBLIC "-//W3C//DTD XHTML 1.0 Transitional//EN"
    "http://www.w3.org/TR/xhtml1/DTD/xhtml1-transitional.dtd">
<html xmlns="http://www.w3.org/1999/xhtml" xml:lang="en" lang="en">
 <head>
  <title>
</title>
<meta http-equiv="Content-Type" content="text/html;charset=utf-8" />
  <meta name='ocr-system' content='tesseract 3.04.00' />
  <meta name='ocr-capabilities' content='ocr_page ocr_carea ocr_par ocr_line ocrx_word'/>
</head>
<body>
  <div class='ocr_page' id='page_1' title='image "./tliviipatavinihi0301livy_0118.png"; bbox 0 0 1680 3052; ppageno 0'>
   <div class='ocr_carea' id='block_1_1' title="bbox 142 115 1664 1918">
    <p class='ocr_par' dir='ltr' id='par_1_1' title="bbox 142 115 1664 1918">
     <span class='ocr_line' id='line_1_1' title="bbox 362 115 1349 195; baseline 0.001 -16"><span class='ocrx_word' id='word_1_1' title='bbox 362 137 476 195; x_wconf 81' lang='lat'>114</span> <span class='ocrx_word' id='word_1_2' title='bbox 641 115 698 181; x_wconf 74' lang='lat' dir='ltr'><strong>T</strong></span> <span class='ocrx_word' id='word_1_3' title='bbox 741 139 763 180; x_wconf 89' lang='lat'>1</span> <span class='ocrx_word' id='word_1_4' title='bbox 806 140 848 180; x_wconf 83' lang='grc' dir='ltr'>τ</span> <span class='ocrx_word' id='word_1_5' title='bbox 891 138 914 180; x_wconf 94' lang='lat'>1</span> <span class='ocrx_word' id='word_1_6' title='bbox 1009 121 1056 181; x_wconf 92' lang='lat' dir='ltr'>L</span> <span class='ocrx_word' id='word_1_7' title='bbox 1103 140 1127 181; x_wconf 80' lang='lat'>1</span> <span class='ocrx_word' id='word_1_8' title='bbox 1169 138 1217 181; x_wconf 85' lang='lat' dir='ltr'><strong>v</strong></span> <span class='ocrx_word' id='word_1_9' title='bbox 1259 140 1280 182; x_wconf 87' lang='lat'>1</span> <span class='ocrx_word' id='word_1_10' title='bbox 1326 137 1349 180; x_wconf 83' lang='lat'>1</span> 
     </span>
     <span class='ocr_line' id='line_1_2' title="bbox 148 200 1653 273; baseline 0.003 -21"><span class='ocrx_word' id='word_1_11' title='bbox 148 214 329 272; x_wconf 73' lang='lat' dir='ltr'>U,c,554</span> <span class='ocrx_word' id='word_1_12' title='bbox 357 203 411 252; x_wconf 89' lang='lat'>&amp;</span> <span class='ocrx_word' id='word_1_13' title='bbox 441 201 706 253; x_wconf 81' lang='lat' dir='ltr'>Corinthus</span> <span class='ocrx_word' id='word_1_14' title='bbox 727 241 741 264; x_wconf 87' lang='lat'><strong>‚</strong></span> <span class='ocrx_word' id='word_1_15' title='bbox 773 207 822 253; x_wconf 89' lang='lat' dir='ltr'>in</span> <span class='ocrx_word' id='word_1_16' title='bbox 859 203 1097 270; x_wconf 87' lang='lat' dir='ltr'>potestate</span> <span class='ocrx_word' id='word_1_17' title='bbox 1115 208 1241 273; x_wconf 79' lang='lat' dir='ltr'>regis</span> <span class='ocrx_word' id='word_1_18' title='bbox 1265 220 1417 255; x_wconf 85' lang='lat' dir='ltr'>erant.</span> <span class='ocrx_word' id='word_1_19' title='bbox 1441 203 1562 254; x_wconf 86' lang='lat' dir='ltr'>Haec</span> <span class='ocrx_word' id='word_1_20' title='bbox 1582 200 1653 256; x_wconf 57' lang='lat' dir='ltr'>ab»</span> 
     </span>
     <span class='ocr_line' id='line_1_3' title="bbox 147 271 1649 341; baseline 0.003 -21"><span class='ocrx_word' id='word_1_21' title='bbox 147 272 339 325; x_wconf 77' lang='lat' dir='ltr'>a.(,&#39;.1&lt;)‘8.</span> <span class='ocrx_word' id='word_1_22' title='bbox 357 271 591 320; x_wconf 87' lang='lat' dir='ltr'>Romanis</span> <span class='ocrx_word' id='word_1_23' title='bbox 608 274 664 322; x_wconf 65' lang='lat' dir='ltr'>ea</span> <span class='ocrx_word' id='word_1_24' title='bbox 684 271 841 321; x_wconf 85' lang='lat' dir='ltr'>aestate</span> <span class='ocrx_word' id='word_1_25' title='bbox 855 277 905 320; x_wconf 91' lang='lat' dir='ltr'>in</span> <span class='ocrx_word' id='word_1_26' title='bbox 917 271 1108 322; x_wconf 84' lang='lat' dir='ltr'>Graecia</span> <span class='ocrx_word' id='word_1_27' title='bbox 1119 274 1244 322; x_wconf 61' lang='lat' dir='ltr'>terra</span> <span class='ocrx_word' id='word_1_28' title='bbox 1261 276 1478 341; x_wconf 84' lang='lat' dir='ltr'>marique</span> <span class='ocrx_word' id='word_1_29' title='bbox 1498 274 1649 340; x_wconf 69' lang='lat' dir='ltr'>gesta.</span> 
     </span>
     <span class='ocr_line' id='line_1_4' title="bbox 149 339 1640 394; baseline 0.003 -6"><span class='ocrx_word' id='word_1_30' title='bbox 149 348 231 393; x_wconf 78' lang='lat' dir='ltr'>Res</span> <span class='ocrx_word' id='word_1_31' title='bbox 247 351 344 394; x_wconf 68' lang='lat' dir='ltr'>Gal.</span> <span class='ocrx_word' id='word_1_32' title='bbox 424 339 614 389; x_wconf 89' lang='lat' dir='ltr'><strong>XXVI.</strong></span> <span class='ocrx_word' id='word_1_33' title='bbox 645 339 701 388; x_wconf 88' lang='lat' dir='ltr'>In</span> <span class='ocrx_word' id='word_1_34' title='bbox 737 339 899 390; x_wconf 76' lang='lat' dir='ltr'>Gallia</span> <span class='ocrx_word' id='word_1_35' title='bbox 928 341 1045 388; x_wconf 88' lang='lat' dir='ltr'>nihil</span> <span class='ocrx_word' id='word_1_36' title='bbox 1082 340 1191 390; x_wconf 71' lang='lat' dir='ltr'>sane</span> <span class='ocrx_word' id='word_1_37' title='bbox 1228 342 1546 391; x_wconf 81' lang='lat' dir='ltr'>memorabile</span> <span class='ocrx_word' id='word_1_38' title='bbox 1577 344 1640 392; x_wconf 83' lang='lat' dir='ltr'>ab</span> 
     </span>
     <span class='ocr_line' id='line_1_5' title="bbox 145 406 1643 476; baseline 0.003 -21"><span class='ocrx_word' id='word_1_39' title='bbox 145 410 230 459; x_wconf 67' lang='lat' dir='ltr'>lia.</span> <span class='ocrx_word' id='word_1_40' title='bbox 356 407 469 458; x_wconf 83' lang='lat' dir='ltr'>Sex.</span> <span class='ocrx_word' id='word_1_41' title='bbox 501 408 627 458; x_wconf 82' lang='lat' dir='ltr'>AElio</span> <span class='ocrx_word' id='word_1_42' title='bbox 655 407 850 457; x_wconf 89' lang='lat' dir='ltr'>consule</span> <span class='ocrx_word' id='word_1_43' title='bbox 875 406 1094 476; x_wconf 78' lang='lat' dir='ltr'>gestum3</span> <span class='ocrx_word' id='word_1_44' title='bbox 1129 427 1274 476; x_wconf 87' lang='lat' dir='ltr'>quum</span> <span class='ocrx_word' id='word_1_45' title='bbox 1304 411 1425 459; x_wconf 88' lang='lat' dir='ltr'>duos</span> <span class='ocrx_word' id='word_1_46' title='bbox 1454 412 1643 459; x_wconf 59' lang='lat' dir='ltr'>exemia</span> 
     </span>
     <span class='ocr_line' id='line_1_6' title="bbox 353 475 1639 541; baseline -0.001 -14"><span class='ocrx_word' id='word_1_47' title='bbox 353 491 431 527; x_wconf 80' lang='lat' dir='ltr'>tus</span> <span class='ocrx_word' id='word_1_48' title='bbox 467 479 524 525; x_wconf 74' lang='lat' dir='ltr'>in&#39;</span> <span class='ocrx_word' id='word_1_49' title='bbox 560 479 810 541; x_wconf 82' lang='lat' dir='ltr'>provincia</span> <span class='ocrx_word' id='word_1_50' title='bbox 847 475 1082 526; x_wconf 68' lang='lat' dir='ltr'>habuisset</span> <span class='ocrx_word' id='word_1_51' title='bbox 1110 513 1126 536; x_wconf 88' lang='lat'><strong>‚</strong></span> <span class='ocrx_word' id='word_1_52' title='bbox 1177 497 1326 527; x_wconf 88' lang='lat' dir='ltr'>unum</span> <span class='ocrx_word' id='word_1_53' title='bbox 1363 492 1639 540; x_wconf 85' lang='lat' dir='ltr'>retentum,</span> 
     </span>
     <span class='ocr_line' id='line_1_7' title="bbox 353 545 1647 613; baseline 0.004 -22"><span class='ocrx_word' id='word_1_54' title='bbox 353 559 502 611; x_wconf 83' lang='lat' dir='ltr'>quem</span> <span class='ocrx_word' id='word_1_55' title='bbox 534 545 706 594; x_wconf 88' lang='lat' dir='ltr'>dimitti</span> <span class='ocrx_word' id='word_1_56' title='bbox 728 545 990 611; x_wconf 83' lang='lat' dir='ltr'>oportebat</span> <span class='ocrx_word' id='word_1_57' title='bbox 1011 583 1026 605; x_wconf 92' lang='lat'>,</span> <span class='ocrx_word' id='word_1_58' title='bbox 1049 547 1124 594; x_wconf 89' lang='lat' dir='ltr'>cui</span> <span class='ocrx_word' id='word_1_59' title='bbox 1154 545 1211 595; x_wconf 93' lang='lat' dir='ltr'>L.</span> <span class='ocrx_word' id='word_1_60' title='bbox 1237 545 1495 596; x_wconf 88' lang='lat' dir='ltr'>Cornelius</span> <span class='ocrx_word' id='word_1_61' title='bbox 1522 565 1647 613; x_wconf 82' lang='lat' dir='ltr'>pro·</span> 
     </span>
     <span class='ocr_line' id='line_1_8' title="bbox 354 612 1640 681; baseline 0.001 -19"><span class='ocrx_word' id='word_1_62' title='bbox 354 613 520 662; x_wconf 85' lang='lat' dir='ltr'>consul</span> <span class='ocrx_word' id='word_1_63' title='bbox 555 612 806 679; x_wconf 71' lang='lat' dir='ltr'>praefuerat</span> <span class='ocrx_word' id='word_1_64' title='bbox 827 651 842 674; x_wconf 86' lang='lat'>‚</span> <span class='ocrx_word' id='word_1_65' title='bbox 876 612 1016 681; x_wconf 88' lang='lat' dir='ltr'>(ipse</span> <span class='ocrx_word' id='word_1_66' title='bbox 1042 615 1086 663; x_wconf 88' lang='lat' dir='ltr'>ei</span> <span class='ocrx_word' id='word_1_67' title='bbox 1108 612 1170 664; x_wconf 89' lang='lat' dir='ltr'>C.</span> <span class='ocrx_word' id='word_1_68' title='bbox 1194 614 1425 665; x_wconf 86' lang='lat' dir='ltr'>Helvium</span> <span class='ocrx_word' id='word_1_69' title='bbox 1455 631 1640 680; x_wconf 80' lang='lat' dir='ltr'>praeto-</span> 
     </span>
     <span class='ocr_line' id='line_1_9' title="bbox 353 681 1640 749; baseline 0.002 -19"><span class='ocrx_word' id='word_1_70' title='bbox 353 699 459 730; x_wconf 84' lang='lat' dir='ltr'>rem</span> <span class='ocrx_word' id='word_1_71' title='bbox 493 681 745 747; x_wconf 70' lang='lat' dir='ltr'>praefecit)</span> <span class='ocrx_word' id='word_1_72' title='bbox 782 683 989 731; x_wconf 85' lang='lat' dir='ltr'>alterum</span> <span class='ocrx_word' id='word_1_73' title='bbox 1011 721 1028 742; x_wconf 90' lang='lat'>,</span> <span class='ocrx_word' id='word_1_74' title='bbox 1057 699 1204 749; x_wconf 86' lang='lat' dir='ltr'>quem</span> <span class='ocrx_word' id='word_1_75' title='bbox 1247 685 1296 731; x_wconf 88' lang='lat' dir='ltr'>in</span> <span class='ocrx_word' id='word_1_76' title='bbox 1336 686 1640 748; x_wconf 78' lang='lat' dir='ltr'>provinciam</span> 
     </span>
     <span class='ocr_line' id='line_1_10' title="bbox 355 749 1646 817; baseline 0.002 -19"><span class='ocrx_word' id='word_1_77' title='bbox 355 751 594 798; x_wconf 84' lang='lat' dir='ltr'>adduxit:</span> <span class='ocrx_word' id='word_1_78' title='bbox 628 765 787 799; x_wconf 89' lang='lat' dir='ltr'>totu-m</span> <span class='ocrx_word' id='word_1_79' title='bbox 831 768 987 817; x_wconf 88' lang='lat' dir='ltr'>prope</span> <span class='ocrx_word' id='word_1_80' title='bbox 1016 769 1195 800; x_wconf 85' lang='lat' dir='ltr'>annum</span> <span class='ocrx_word' id='word_1_81' title='bbox 1232 749 1646 801; x_wconf 76' lang='lat' dir='ltr'>Cremonensibus</span> 
     </span>
     <span class='ocr_line' id='line_1_11' title="bbox 356 817 1644 886; baseline 0.001 -19"><span class='ocrx_word' id='word_1_82' title='bbox 356 817 739 886; x_wconf 85' lang='lat' dir='ltr'>Placentinisque</span> <span class='ocrx_word' id='word_1_83' title='bbox 771 835 803 881; x_wconf 95' lang='lat'><em>7</em></span> <span class='ocrx_word' id='word_1_84' title='bbox 840 820 1077 886; x_wconf 80' lang='lat' dir='ltr'>cogendis</span> <span class='ocrx_word' id='word_1_85' title='bbox 1113 820 1271 869; x_wconf 88' lang='lat' dir='ltr'>redire</span> <span class='ocrx_word' id='word_1_86' title='bbox 1307 822 1353 868; x_wconf 89' lang='lat' dir='ltr'>in</span> <span class='ocrx_word' id='word_1_87' title='bbox 1392 821 1644 881; x_wconf 87' lang='lat' dir='ltr'>colonias,</span> 
     </span>
     <span class='ocr_line' id='line_1_12' title="bbox 350 886 1643 954; baseline 0.002 -18"><span class='ocrx_word' id='word_1_88' title='bbox 350 888 484 937; x_wconf 87' lang='lat' dir='ltr'>unde</span> <span class='ocrx_word' id='word_1_89' title='bbox 517 888 633 936; x_wconf 86' lang='lat' dir='ltr'>belli</span> <span class='ocrx_word' id='word_1_90' title='bbox 668 886 846 936; x_wconf 79' lang='lat' dir='ltr'>casibus</span> <span class='ocrx_word' id='word_1_91' title='bbox 884 886 1089 954; x_wconf 83' lang='lat' dir='ltr'>diffipati</span> <span class='ocrx_word' id='word_1_92' title='bbox 1121 903 1293 946; x_wconf 87' lang='lat' dir='ltr'>erant,</span> <span class='ocrx_word' id='word_1_93' title='bbox 1333 887 1643 954; x_wconf 77' lang='lat' dir='ltr'>consumpsit.</span> 
     </span>
     <span class='ocr_line' id='line_1_13' title="bbox 356 954 1663 1023; baseline 0.002 -19"><span class='ocrx_word' id='word_1_94' title='bbox 356 954 803 1020; x_wconf 81' lang='lat' dir='ltr'>Quemadmodum</span> <span class='ocrx_word' id='word_1_95' title='bbox 839 954 1000 1006; x_wconf 85' lang='lat' dir='ltr'>Gallia</span> <span class='ocrx_word' id='word_1_96' title='bbox 1036 972 1209 1022; x_wconf 84' lang='lat' dir='ltr'>praeter</span> <span class='ocrx_word' id='word_1_97' title='bbox 1239 955 1372 1022; x_wconf 89' lang='lat' dir='ltr'>spem</span> <span class='ocrx_word' id='word_1_98' title='bbox 1398 959 1560 1023; x_wconf 84' lang='lat' dir='ltr'>quieta</span> <span class='ocrx_word' id='word_1_99' title='bbox 1580 973 1663 1006; x_wconf 50' lang='grc' dir='ltr'>εοἸ</span> 
     </span>
     <span class='ocr_line' id='line_1_14' title="bbox 161 1023 1643 1091; baseline 0.001 -19"><span class='ocrx_word' id='word_1_100' title='bbox 161 1046 333 1091; x_wconf 74' lang='lat' dir='ltr'>servilis</span> <span class='ocrx_word' id='word_1_101' title='bbox 355 1041 484 1073; x_wconf 84' lang='lat' dir='ltr'>anno</span> <span class='ocrx_word' id='word_1_102' title='bbox 516 1023 635 1081; x_wconf 83' lang='lat' dir='ltr'>fuit,</span> <span class='ocrx_word' id='word_1_103' title='bbox 657 1025 721 1073; x_wconf 84' lang='lat' dir='ltr'>ita</span> <span class='ocrx_word' id='word_1_104' title='bbox 743 1027 868 1073; x_wconf 87' lang='lat' dir='ltr'>circa</span> <span class='ocrx_word' id='word_1_105' title='bbox 889 1026 1061 1073; x_wconf 86' lang='lat' dir='ltr'>urbem</span> <span class='ocrx_word' id='word_1_106' title='bbox 1083 1024 1264 1074; x_wconf 88' lang='lat' dir='ltr'>servilis</span> <span class='ocrx_word' id='word_1_107' title='bbox 1284 1042 1441 1090; x_wconf 86' lang='lat' dir='ltr'>prope</span> <span class='ocrx_word' id='word_1_108' title='bbox 1462 1025 1643 1073; x_wconf 85' lang='lat' dir='ltr'>tumul·</span> 
     </span>
     <span class='ocr_line' id='line_1_15' title="bbox 142 1089 1643 1161; baseline 0.001 -20"><span class='ocrx_word' id='word_1_109' title='bbox 142 1110 332 1154; x_wconf 68' lang='lat' dir='ltr'>tumultus</span> <span class='ocrx_word' id='word_1_110' title='bbox 351 1107 426 1141; x_wconf 91' lang='lat' dir='ltr'>tus</span> <span class='ocrx_word' id='word_1_111' title='bbox 460 1095 695 1143; x_wconf 83' lang='lat' dir='ltr'>excitatus</span> <span class='ocrx_word' id='word_1_112' title='bbox 733 1091 817 1142; x_wconf 86' lang='lat' dir='ltr'>est.</span> <span class='ocrx_word' id='word_1_113' title='bbox 850 1092 878 1142; x_wconf 85' lang='lat'>8</span> <span class='ocrx_word' id='word_1_114' title='bbox 926 1089 1137 1143; x_wconf 77' lang='lat' dir='ltr'>Obsides</span> <span class='ocrx_word' id='word_1_115' title='bbox 1175 1091 1643 1161; x_wconf 75' lang='lat' dir='ltr'>Carthaginiensium</span> 
     </span>
     <span class='ocr_line' id='line_1_16' title="bbox 350 1160 1642 1228; baseline 0.001 -17"><span class='ocrx_word' id='word_1_116' title='bbox 350 1161 498 1211; x_wconf 84' lang='lat' dir='ltr'>Setiae</span> <span class='ocrx_word' id='word_1_117' title='bbox 549 1160 942 1211; x_wconf 86' lang='lat' dir='ltr'>custodiebantur</span> <span class='ocrx_word' id='word_1_118' title='bbox 972 1178 984 1210; x_wconf 74' lang='grc' dir='ltr'>ε</span> <span class='ocrx_word' id='word_1_119' title='bbox 1014 1166 1125 1210; x_wconf 88' lang='lat' dir='ltr'>cum</span> <span class='ocrx_word' id='word_1_120' title='bbox 1158 1162 1212 1211; x_wconf 91' lang='lat' dir='ltr'>iis</span> <span class='ocrx_word' id='word_1_121' title='bbox 1232 1199 1247 1223; x_wconf 87' lang='lat'>‚</span> <span class='ocrx_word' id='word_1_122' title='bbox 1279 1175 1333 1211; x_wconf 84' lang='lat' dir='ltr'>ut</span> <span class='ocrx_word' id='word_1_123' title='bbox 1367 1164 1642 1228; x_wconf 86' lang='lat' dir='ltr'>principum</span> 
     </span>
     <span class='ocr_line' id='line_1_17' title="bbox 347 1230 1643 1298; baseline -0.002 -16"><span class='ocrx_word' id='word_1_124' title='bbox 347 1231 511 1282; x_wconf 83' lang='lat' dir='ltr'>liberis</span> <span class='ocrx_word' id='word_1_125' title='bbox 531 1269 547 1292; x_wconf 89' lang='lat'>‚</span> <span class='ocrx_word' id='word_1_126' title='bbox 581 1248 756 1298; x_wconf 81' lang='lat' dir='ltr'>magna</span> <span class='ocrx_word' id='word_1_127' title='bbox 773 1232 845 1280; x_wconf 87' lang='lat' dir='ltr'>vis</span> <span class='ocrx_word' id='word_1_128' title='bbox 864 1230 1115 1295; x_wconf 85' lang='lat' dir='ltr'>servorum</span> <span class='ocrx_word' id='word_1_129' title='bbox 1147 1248 1274 1279; x_wconf 88' lang='lat' dir='ltr'>erat:</span> <span class='ocrx_word' id='word_1_130' title='bbox 1296 1230 1537 1297; x_wconf 81' lang='lat' dir='ltr'>augebant</span> <span class='ocrx_word' id='word_1_131' title='bbox 1553 1247 1643 1280; x_wconf 83' lang='lat' dir='ltr'>eo-</span> 
     </span>
     <span class='ocr_line' id='line_1_18' title="bbox 347 1297 1641 1364; baseline -0.002 -14"><span class='ocrx_word' id='word_1_132' title='bbox 347 1318 457 1350; x_wconf 87' lang='lat' dir='ltr'>rum</span> <span class='ocrx_word' id='word_1_133' title='bbox 489 1316 743 1349; x_wconf 86' lang='lat' dir='ltr'>numerum</span> <span class='ocrx_word' id='word_1_134' title='bbox 766 1339 780 1359; x_wconf 88' lang='lat'>‚</span> <span class='ocrx_word' id='word_1_135' title='bbox 818 1314 870 1349; x_wconf 86' lang='lat' dir='ltr'>ut</span> <span class='ocrx_word' id='word_1_136' title='bbox 906 1299 965 1347; x_wconf 85' lang='lat' dir='ltr'>ab</span> <span class='ocrx_word' id='word_1_137' title='bbox 1000 1299 1186 1349; x_wconf 86' lang='lat' dir='ltr'>recenti</span> <span class='ocrx_word' id='word_1_138' title='bbox 1212 1297 1383 1348; x_wconf 84' lang='lat' dir='ltr'>Africo</span> <span class='ocrx_word' id='word_1_139' title='bbox 1406 1299 1537 1348; x_wconf 88' lang='lat' dir='ltr'>bello</span> <span class='ocrx_word' id='word_1_140' title='bbox 1561 1337 1576 1360; x_wconf 86' lang='lat'>‚</span> <span class='ocrx_word' id='word_1_141' title='bbox 1608 1313 1641 1364; x_wconf 88' lang='lat'>9</span> 
     </span>
     <span class='ocr_line' id='line_1_19' title="bbox 351 1366 1641 1434; baseline -0.001 -16"><span class='ocrx_word' id='word_1_142' title='bbox 351 1369 405 1418; x_wconf 76' lang='grc' dir='ltr'>ὅ(</span> <span class='ocrx_word' id='word_1_143' title='bbox 438 1368 498 1417; x_wconf 79' lang='lat' dir='ltr'>ab</span> <span class='ocrx_word' id='word_1_144' title='bbox 536 1368 646 1434; x_wconf 77' lang='lat' dir='ltr'>ipsis</span> <span class='ocrx_word' id='word_1_145' title='bbox 679 1367 854 1418; x_wconf 87' lang='lat' dir='ltr'>Setinis</span> <span class='ocrx_word' id='word_1_146' title='bbox 886 1370 1079 1434; x_wconf 86' lang='lat' dir='ltr'>captiva</span> <span class='ocrx_word' id='word_1_147' title='bbox 1100 1368 1286 1433; x_wconf 83' lang='lat' dir='ltr'>aliquot</span> <span class='ocrx_word' id='word_1_148' title='bbox 1304 1369 1510 1417; x_wconf 87' lang='lat' dir='ltr'>nationis</span> <span class='ocrx_word' id='word_1_149' title='bbox 1538 1366 1641 1432; x_wconf 75' lang='lat' dir='ltr'>ejus</span> 
     </span>
     <span class='ocr_line' id='line_1_20' title="bbox 350 1433 1664 1504; baseline -0.002 -17"><span class='ocrx_word' id='word_1_150' title='bbox 350 1454 413 1487; x_wconf 85' lang='lat' dir='ltr'>ex</span> <span class='ocrx_word' id='word_1_151' title='bbox 450 1436 610 1504; x_wconf 81' lang='lat' dir='ltr'>praeda</span> <span class='ocrx_word' id='word_1_152' title='bbox 651 1452 817 1504; x_wconf 85' lang='lat' dir='ltr'>empta</span> <span class='ocrx_word' id='word_1_153' title='bbox 845 1437 1100 1504; x_wconf 85' lang='lat' dir='ltr'>mancipia.</span> <span class='ocrx_word' id='word_1_154' title='bbox 1140 1433 1316 1500; x_wconf 83' lang='lat' dir='ltr'>Quum</span> <span class='ocrx_word' id='word_1_155' title='bbox 1347 1434 1664 1501; x_wconf 27' lang='lat' dir='ltr'>conjuratio-v</span> 
     </span>
     <span class='ocr_line' id='line_1_21' title="bbox 351 1503 1643 1570; baseline -0.002 -13"><span class='ocrx_word' id='word_1_156' title='bbox 351 1523 468 1557; x_wconf 89' lang='lat' dir='ltr'>nem</span> <span class='ocrx_word' id='word_1_157' title='bbox 494 1504 738 1565; x_wconf 82' lang='lat' dir='ltr'>fecissent,</span> <span class='ocrx_word' id='word_1_158' title='bbox 769 1503 914 1554; x_wconf 84' lang='lat' dir='ltr'>miffis</span> <span class='ocrx_word' id='word_1_159' title='bbox 938 1521 999 1554; x_wconf 84' lang='lat' dir='ltr'>ex</span> <span class='ocrx_word' id='word_1_160' title='bbox 1028 1521 1090 1553; x_wconf 89' lang='lat' dir='ltr'>eo</span> <span class='ocrx_word' id='word_1_161' title='bbox 1110 1520 1316 1553; x_wconf 87' lang='lat' dir='ltr'>numero</span> <span class='ocrx_word' id='word_1_162' title='bbox 1338 1506 1419 1570; x_wconf 88' lang='lat' dir='ltr'>qui</span> <span class='ocrx_word' id='word_1_163' title='bbox 1440 1507 1489 1552; x_wconf 89' lang='lat' dir='ltr'>in</span> <span class='ocrx_word' id='word_1_164' title='bbox 1511 1503 1643 1554; x_wconf 88' lang='lat' dir='ltr'>Seti-</span> 
     </span>
     <span class='ocr_line' id='line_1_22' title="bbox 348 1570 1643 1643; baseline -0.002 -18"><span class='ocrx_word' id='word_1_165' title='bbox 348 1593 418 1625; x_wconf 89' lang='lat' dir='ltr'>no</span> <span class='ocrx_word' id='word_1_166' title='bbox 450 1593 565 1643; x_wconf 74' lang='lat' dir='ltr'>agro</span> <span class='ocrx_word' id='word_1_167' title='bbox 582 1613 598 1633; x_wconf 88' lang='lat'>‚</span> <span class='ocrx_word' id='word_1_168' title='bbox 636 1574 813 1623; x_wconf 80' lang='lat' dir='ltr'>deinde</span> <span class='ocrx_word' id='word_1_169' title='bbox 835 1576 956 1622; x_wconf 86' lang='lat' dir='ltr'>circa</span> <span class='ocrx_word' id='word_1_170' title='bbox 975 1572 1198 1622; x_wconf 82' lang='lat' dir='ltr'>Norbam</span> <span class='ocrx_word' id='word_1_171' title='bbox 1219 1573 1271 1622; x_wconf 68' lang='grc' dir='ltr'>ὃ(</span> <span class='ocrx_word' id='word_1_172' title='bbox 1296 1570 1521 1623; x_wconf 84' lang='lat' dir='ltr'>Circeios</span> <span class='ocrx_word' id='word_1_173' title='bbox 1543 1572 1643 1622; x_wconf 87' lang='lat' dir='ltr'>ser·</span> 
     </span>
     <span class='ocr_line' id='line_1_23' title="bbox 346 1640 1662 1708; baseline -0.003 -14"><span class='ocrx_word' id='word_1_174' title='bbox 346 1645 468 1694; x_wconf 87' lang='lat' dir='ltr'>vitia</span> <span class='ocrx_word' id='word_1_175' title='bbox 502 1642 848 1703; x_wconf 78' lang='lat' dir='ltr'>sollicitarent3</span> <span class='ocrx_word' id='word_1_176' title='bbox 877 1641 986 1691; x_wconf 83' lang='lat' dir='ltr'>satis</span> <span class='ocrx_word' id='word_1_177' title='bbox 1017 1640 1115 1706; x_wconf 65' lang='lat' dir='ltr'>jam</span> <span class='ocrx_word' id='word_1_178' title='bbox 1146 1641 1372 1690; x_wconf 86' lang='lat' dir='ltr'>omnibus</span> <span class='ocrx_word' id='word_1_179' title='bbox 1398 1659 1662 1708; x_wconf 41' lang='lat' dir='ltr'>praepara-v</span> 
     </span>
     <span class='ocr_line' id='line_1_24' title="bbox 350 1709 1641 1779; baseline -0.003 -17"><span class='ocrx_word' id='word_1_180' title='bbox 350 1715 410 1762; x_wconf 86' lang='lat' dir='ltr'>tis</span> <span class='ocrx_word' id='word_1_181' title='bbox 431 1750 443 1772; x_wconf 84' lang='lat'>,</span> <span class='ocrx_word' id='word_1_182' title='bbox 476 1712 626 1773; x_wconf 65' lang='lat' dir='ltr'>ludis,</span> <span class='ocrx_word' id='word_1_183' title='bbox 662 1714 744 1779; x_wconf 88' lang='lat' dir='ltr'>qui</span> <span class='ocrx_word' id='word_1_184' title='bbox 787 1710 932 1760; x_wconf 86' lang='lat' dir='ltr'>Setiae</span> <span class='ocrx_word' id='word_1_185' title='bbox 966 1709 1260 1778; x_wconf 86' lang='lat' dir='ltr'>propediem</span> <span class='ocrx_word' id='word_1_186' title='bbox 1295 1709 1443 1759; x_wconf 86' lang='lat' dir='ltr'>futuri</span> <span class='ocrx_word' id='word_1_187' title='bbox 1474 1724 1641 1772; x_wconf 86' lang='lat' dir='ltr'>erant,</span> 
     </span>
     <span class='ocr_line' id='line_1_25' title="bbox 351 1776 1650 1847; baseline -0.002 -17"><span class='ocrx_word' id='word_1_188' title='bbox 351 1781 625 1847; x_wconf 63' lang='lat' dir='ltr'>speStaculo</span> <span class='ocrx_word' id='word_1_189' title='bbox 662 1783 903 1830; x_wconf 87' lang='lat' dir='ltr'>intentum</span> <span class='ocrx_word' id='word_1_190' title='bbox 950 1779 1190 1846; x_wconf 83' lang='lat' dir='ltr'>populum</span> <span class='ocrx_word' id='word_1_191' title='bbox 1228 1778 1429 1845; x_wconf 82' lang='lat' dir='ltr'>aggredi</span> <span class='ocrx_word' id='word_1_192' title='bbox 1464 1776 1650 1828; x_wconf 80' lang='lat' dir='ltr'>statue·</span> 
     </span>
     <span class='ocr_line' id='line_1_26' title="bbox 351 1847 1654 1918; baseline -0.002 -18"><span class='ocrx_word' id='word_1_193' title='bbox 351 1866 484 1911; x_wconf 83' lang='lat' dir='ltr'>rant3</span> <span class='ocrx_word' id='word_1_194' title='bbox 515 1849 643 1900; x_wconf 62' lang='lat' dir='ltr'>Setia</span> <span class='ocrx_word' id='word_1_195' title='bbox 666 1867 753 1918; x_wconf 89' lang='lat' dir='ltr'>per</span> <span class='ocrx_word' id='word_1_196' title='bbox 775 1848 958 1899; x_wconf 84' lang='lat' dir='ltr'>caedem</span> <span class='ocrx_word' id='word_1_197' title='bbox 982 1848 1034 1899; x_wconf 85' lang='lat'>&amp;</span> <span class='ocrx_word' id='word_1_198' title='bbox 1056 1849 1366 1915; x_wconf 84' lang='lat' dir='ltr'>repentinum</span> <span class='ocrx_word' id='word_1_199' title='bbox 1387 1847 1654 1898; x_wconf 76' lang='lat' dir='ltr'>tumultum·</span> 
     </span>
    </p>
   </div>
   <div class='ocr_carea' id='block_1_2' title="bbox 349 2001 971 2744">
    <p class='ocr_par' dir='ltr' id='par_1_2' title="bbox 355 2001 967 2243">
     <span class='ocr_line' id='line_1_27' title="bbox 417 2001 965 2060; baseline -0.002 -16"><span class='ocrx_word' id='word_1_200' title='bbox 417 2017 443 2056; x_wconf 90' lang='lat'><strong>7</strong></span> <span class='ocrx_word' id='word_1_201' title='bbox 469 2004 660 2060; x_wconf 76' lang='lat' dir='ltr'>Cogendis</span> <span class='ocrx_word' id='word_1_202' title='bbox 682 2002 808 2043; x_wconf 70' lang='lat' dir='ltr'>redire</span> <span class='ocrx_word' id='word_1_203' title='bbox 835 2001 875 2044; x_wconf 80' lang='lat' dir='ltr'>itz</span> <span class='ocrx_word' id='word_1_204' title='bbox 896 2017 965 2043; x_wconf 77' lang='lat' dir='ltr'>co-</span> 
     </span>
     <span class='ocr_line' id='line_1_28' title="bbox 355 2065 967 2116; baseline 0 -11"><span class='ocrx_word' id='word_1_205' title='bbox 355 2065 502 2106; x_wconf 69' lang='lat' dir='ltr'>Ionias.</span> <span class='ocrx_word' id='word_1_206' title='bbox 522 2067 537 2116; x_wconf 74' lang='lat'><em>]</em></span> <span class='ocrx_word' id='word_1_207' title='bbox 555 2067 688 2110; x_wconf 76' lang='lat' dir='ltr'>Vacat</span> <span class='ocrx_word' id='word_1_208' title='bbox 715 2066 883 2105; x_wconf 81' lang='lat' dir='ltr'>verbum</span> <span class='ocrx_word' id='word_1_209' title='bbox 901 2079 967 2105; x_wconf 83' lang='lat' dir='ltr'>re-</span> 
     </span>
     <span class='ocr_line' id='line_1_29' title="bbox 355 2125 965 2181; baseline 0.003 -15"><span class='ocrx_word' id='word_1_210' title='bbox 355 2128 453 2167; x_wconf 79' lang='lat' dir='ltr'>dire,</span> <span class='ocrx_word' id='word_1_211' title='bbox 478 2125 579 2170; x_wconf 81' lang='lat' dir='ltr'>Vid.</span> <span class='ocrx_word' id='word_1_212' title='bbox 600 2139 689 2169; x_wconf 81' lang='lat' dir='ltr'>not.</span> <span class='ocrx_word' id='word_1_213' title='bbox 714 2140 762 2181; x_wconf 86' lang='lat'>5,</span> <span class='ocrx_word' id='word_1_214' title='bbox 779 2128 829 2168; x_wconf 83' lang='lat' dir='ltr'>ad</span> <span class='ocrx_word' id='word_1_215' title='bbox 848 2143 882 2169; x_wconf 88' lang='lat' dir='ltr'>c.</span> <span class='ocrx_word' id='word_1_216' title='bbox 906 2140 930 2168; x_wconf 84' lang='lat'>2</span> <span class='ocrx_word' id='word_1_217' title='bbox 952 2153 965 2176; x_wconf 90' lang='lat'>,</span> 
     </span>
     <span class='ocr_line' id='line_1_30' title="bbox 356 2189 488 2243; baseline -0.008 -13"><span class='ocrx_word' id='word_1_218' title='bbox 356 2189 488 2243; x_wconf 58' lang='lat' dir='ltr'>supra.</span> 
     </span>
    </p>

    <p class='ocr_par' dir='ltr' id='par_1_3' title="bbox 349 2249 971 2744">
     <span class='ocr_line' id='line_1_31' title="bbox 420 2249 969 2307; baseline 0 -16"><span class='ocrx_word' id='word_1_219' title='bbox 420 2251 442 2291; x_wconf 84' lang='lat' dir='ltr'>S</span> <span class='ocrx_word' id='word_1_220' title='bbox 477 2249 638 2305; x_wconf 73' lang='lat' dir='ltr'>Obfia&#39;es</span> <span class='ocrx_word' id='word_1_221' title='bbox 667 2249 969 2307; x_wconf 62' lang='lat' dir='ltr'>Carthaginieh-</span> 
     </span>
     <span class='ocr_line' id='line_1_32' title="bbox 349 2312 964 2369; baseline -0.002 -17"><span class='ocrx_word' id='word_1_222' title='bbox 349 2312 448 2369; x_wconf 74' lang='lat' dir='ltr'>fiam</span> <span class='ocrx_word' id='word_1_223' title='bbox 471 2313 589 2355; x_wconf 66' lang='lat' dir='ltr'>Setiae</span> <span class='ocrx_word' id='word_1_224' title='bbox 610 2313 964 2366; x_wconf 57' lang='lat' dir='ltr'>custodiebantur]</span> 
     </span>
     <span class='ocr_line' id='line_1_33' title="bbox 351 2374 970 2429; baseline -0.005 -13"><span class='ocrx_word' id='word_1_225' title='bbox 351 2375 484 2429; x_wconf 72' lang='lat' dir='ltr'>&#39;Supra</span> <span class='ocrx_word' id='word_1_226' title='bbox 504 2407 515 2426; x_wconf 88' lang='lat'><strong>‚</strong></span> <span class='ocrx_word' id='word_1_227' title='bbox 536 2390 574 2415; x_wconf 87' lang='lat' dir='ltr'>c.</span> <span class='ocrx_word' id='word_1_228' title='bbox 611 2388 636 2415; x_wconf 89' lang='lat'>2</span> <span class='ocrx_word' id='word_1_229' title='bbox 657 2402 669 2421; x_wconf 93' lang='lat'>,</span> <span class='ocrx_word' id='word_1_230' title='bbox 694 2374 849 2416; x_wconf 83' lang='lat' dir='ltr'>obfides</span> <span class='ocrx_word' id='word_1_231' title='bbox 870 2374 970 2414; x_wconf 81' lang='lat' dir='ltr'>Car·</span> 
     </span>
     <span class='ocr_line' id='line_1_34' title="bbox 350 2436 968 2494; baseline -0.003 -16"><span class='ocrx_word' id='word_1_232' title='bbox 350 2436 662 2494; x_wconf 66' lang='lat' dir='ltr'>&#39;thaginienfium</span> <span class='ocrx_word' id='word_1_233' title='bbox 678 2438 725 2476; x_wconf 81' lang='lat' dir='ltr'>ab</span> <span class='ocrx_word' id='word_1_234' title='bbox 745 2438 884 2477; x_wconf 86' lang='lat' dir='ltr'>Norba</span> <span class='ocrx_word' id='word_1_235' title='bbox 905 2437 968 2476; x_wconf 81' lang='lat' dir='ltr'>Si-</span> 
     </span>
     <span class='ocr_line' id='line_1_35' title="bbox 359 2499 968 2556; baseline -0.002 -18"><span class='ocrx_word' id='word_1_236' title='bbox 359 2500 491 2556; x_wconf 72' lang='lat' dir='ltr'>gniam</span> <span class='ocrx_word' id='word_1_237' title='bbox 523 2499 563 2539; x_wconf 83' lang='lat'>&amp;</span> <span class='ocrx_word' id='word_1_238' title='bbox 598 2499 859 2539; x_wconf 82' lang='lat' dir='ltr'>Ferentinum</span> <span class='ocrx_word' id='word_1_239' title='bbox 892 2509 968 2539; x_wconf 80' lang='lat' dir='ltr'>tra-</span> 
     </span>
     <span class='ocr_line' id='line_1_36' title="bbox 360 2560 968 2614; baseline -0.003 -13"><span class='ocrx_word' id='word_1_240' title='bbox 360 2561 467 2601; x_wconf 61' lang='lat' dir='ltr'>du&amp;</span> <span class='ocrx_word' id='word_1_241' title='bbox 497 2560 700 2603; x_wconf 79' lang='lat' dir='ltr'>dicuntur.</span> <span class='ocrx_word' id='word_1_242' title='bbox 729 2560 871 2614; x_wconf 80' lang='lat' dir='ltr'>Itaque</span> <span class='ocrx_word' id='word_1_243' title='bbox 901 2560 968 2600; x_wconf 89' lang='lat' dir='ltr'>vel</span> 
     </span>
     <span class='ocr_line' id='line_1_37' title="bbox 359 2622 969 2678; baseline -0.003 -16"><span class='ocrx_word' id='word_1_244' title='bbox 359 2623 497 2678; x_wconf 76' lang='lat' dir='ltr'>priore</span> <span class='ocrx_word' id='word_1_245' title='bbox 524 2624 594 2664; x_wconf 86' lang='lat' dir='ltr'>illo</span> <span class='ocrx_word' id='word_1_246' title='bbox 629 2624 723 2663; x_wconf 91' lang='lat' dir='ltr'>loco</span> <span class='ocrx_word' id='word_1_247' title='bbox 753 2622 969 2677; x_wconf 75' lang='lat' dir='ltr'>legendum</span> 
     </span>
     <span class='ocr_line' id='line_1_38' title="bbox 361 2683 971 2744; baseline 0 -18"><span class='ocrx_word' id='word_1_248' title='bbox 361 2684 513 2727; x_wconf 78' lang='lat' dir='ltr'>Setiam</span> <span class='ocrx_word' id='word_1_249' title='bbox 553 2699 628 2741; x_wconf 79' lang='lat' dir='ltr'>pto</span> <span class='ocrx_word' id='word_1_250' title='bbox 659 2683 867 2744; x_wconf 81' lang='lat' dir='ltr'>Signiam,</span> <span class='ocrx_word' id='word_1_251' title='bbox 901 2684 971 2727; x_wconf 84' lang='lat' dir='ltr'>vel</span> 
     </span>
    </p>
   </div>
   <div class='ocr_carea' id='block_1_3' title="bbox 1027 1997 1654 2737">
    <p class='ocr_par' dir='ltr' id='par_1_4' title="bbox 1027 1997 1654 2737">
     <span class='ocr_line' id='line_1_39' title="bbox 1029 1997 1646 2057; baseline -0.002 -14"><span class='ocrx_word' id='word_1_252' title='bbox 1029 1997 1283 2057; x_wconf 80' lang='lat' dir='ltr'>intelligendi</span> <span class='ocrx_word' id='word_1_253' title='bbox 1331 1999 1422 2041; x_wconf 85' lang='lat' dir='ltr'>sunt</span> <span class='ocrx_word' id='word_1_254' title='bbox 1473 1997 1646 2042; x_wconf 66' lang='lat' dir='ltr'>tradam</span> 
     </span>
     <span class='ocr_line' id='line_1_40' title="bbox 1030 2062 1613 2117; baseline -0.007 -12"><span class='ocrx_word' id='word_1_255' title='bbox 1030 2064 1182 2106; x_wconf 80' lang='lat' dir='ltr'>rursum</span> <span class='ocrx_word' id='word_1_256' title='bbox 1213 2066 1260 2103; x_wconf 84' lang='lat' dir='ltr'>ab</span> <span class='ocrx_word' id='word_1_257' title='bbox 1286 2062 1418 2117; x_wconf 81' lang='lat' dir='ltr'>Signia</span> <span class='ocrx_word' id='word_1_258' title='bbox 1446 2063 1613 2103; x_wconf 80' lang='lat' dir='ltr'>Setiam.</span> 
     </span>
     <span class='ocr_line' id='line_1_41' title="bbox 1091 2123 1653 2180; baseline -0.004 -14"><span class='ocrx_word' id='word_1_259' title='bbox 1091 2138 1116 2179; x_wconf 90' lang='lat'><strong>9</strong></span> <span class='ocrx_word' id='word_1_260' title='bbox 1134 2126 1189 2166; x_wconf 84' lang='lat' dir='ltr'>Et</span> <span class='ocrx_word' id='word_1_261' title='bbox 1202 2126 1249 2166; x_wconf 80' lang='lat' dir='ltr'>ab</span> <span class='ocrx_word' id='word_1_262' title='bbox 1267 2124 1355 2180; x_wconf 81' lang='lat' dir='ltr'>ipfis</span> <span class='ocrx_word' id='word_1_263' title='bbox 1371 2124 1538 2165; x_wconf 77' lang='lat' dir='ltr'>Setinis.</span> <span class='ocrx_word' id='word_1_264' title='bbox 1554 2128 1567 2176; x_wconf 87' lang='lat'><em>]</em></span> <span class='ocrx_word' id='word_1_265' title='bbox 1584 2123 1653 2164; x_wconf 58' lang='grc' dir='ltr'>Εε17</span> 
     </span>
     <span class='ocr_line' id='line_1_42' title="bbox 1027 2186 1654 2240; baseline -0.01 -11"><span class='ocrx_word' id='word_1_266' title='bbox 1027 2188 1214 2229; x_wconf 87' lang='lat' dir='ltr'>hocloco</span> <span class='ocrx_word' id='word_1_267' title='bbox 1227 2186 1334 2228; x_wconf 84' lang='lat' dir='ltr'>deest</span> <span class='ocrx_word' id='word_1_268' title='bbox 1347 2187 1654 2240; x_wconf 70' lang='lat' dir='ltr'>etiam.Nempe»</span> 
     </span>
     <span class='ocr_line' id='line_1_43' title="bbox 1031 2247 1646 2306; baseline -0.003 -16"><span class='ocrx_word' id='word_1_269' title='bbox 1031 2262 1184 2306; x_wconf 83' lang='lat' dir='ltr'>praeter</span> <span class='ocrx_word' id='word_1_270' title='bbox 1202 2250 1338 2290; x_wconf 85' lang='lat' dir='ltr'>servos</span> <span class='ocrx_word' id='word_1_271' title='bbox 1353 2247 1530 2288; x_wconf 80' lang='lat' dir='ltr'>obfidum</span> <span class='ocrx_word' id='word_1_272' title='bbox 1547 2248 1646 2288; x_wconf 80' lang='lat' dir='ltr'>Car·</span> 
     </span>
     <span class='ocr_line' id='line_1_44' title="bbox 1030 2309 1644 2367; baseline -0.005 -13"><span class='ocrx_word' id='word_1_273' title='bbox 1030 2310 1335 2367; x_wconf 76' lang='lat' dir='ltr'>thaginiensium</span> <span class='ocrx_word' id='word_1_274' title='bbox 1371 2338 1382 2357; x_wconf 90' lang='lat'>,</span> <span class='ocrx_word' id='word_1_275' title='bbox 1421 2311 1535 2350; x_wconf 83' lang='lat' dir='ltr'>multi</span> <span class='ocrx_word' id='word_1_276' title='bbox 1577 2309 1644 2351; x_wconf 81' lang='lat' dir='ltr'>alii</span> 
     </span>
     <span class='ocr_line' id='line_1_45' title="bbox 1032 2372 1641 2427; baseline -0.002 -12"><span class='ocrx_word' id='word_1_277' title='bbox 1032 2375 1135 2415; x_wconf 85' lang='lat' dir='ltr'>servi</span> <span class='ocrx_word' id='word_1_278' title='bbox 1149 2373 1326 2427; x_wconf 77' lang='lat' dir='ltr'>ejusdem</span> <span class='ocrx_word' id='word_1_279' title='bbox 1339 2372 1512 2412; x_wconf 86' lang='lat' dir='ltr'>nationis</span> <span class='ocrx_word' id='word_1_280' title='bbox 1525 2381 1641 2414; x_wconf 79' lang='lat' dir='ltr'>erant</span> 
     </span>
     <span class='ocr_line' id='line_1_46' title="bbox 1031 2434 1642 2489; baseline -0.005 -12"><span class='ocrx_word' id='word_1_281' title='bbox 1031 2437 1153 2477; x_wconf 82' lang='lat' dir='ltr'>Setiae</span> <span class='ocrx_word' id='word_1_282' title='bbox 1176 2465 1187 2482; x_wconf 88' lang='lat'>,</span> <span class='ocrx_word' id='word_1_283' title='bbox 1209 2435 1362 2475; x_wconf 83' lang='lat' dir='ltr'>scilicet</span> <span class='ocrx_word' id='word_1_284' title='bbox 1380 2434 1529 2489; x_wconf 80' lang='lat' dir='ltr'>captivi</span> <span class='ocrx_word' id='word_1_285' title='bbox 1560 2448 1642 2474; x_wconf 85' lang='lat' dir='ltr'>em·</span> 
     </span>
     <span class='ocr_line' id='line_1_47' title="bbox 1031 2497 1640 2552; baseline -0.005 -15"><span class='ocrx_word' id='word_1_286' title='bbox 1031 2497 1092 2552; x_wconf 82' lang='lat' dir='ltr'>pti</span> <span class='ocrx_word' id='word_1_287' title='bbox 1110 2512 1158 2537; x_wconf 90' lang='lat' dir='ltr'>ex</span> <span class='ocrx_word' id='word_1_288' title='bbox 1174 2497 1307 2550; x_wconf 83' lang='lat' dir='ltr'>praeda</span> <span class='ocrx_word' id='word_1_289' title='bbox 1326 2523 1338 2544; x_wconf 79' lang='lat'>‚</span> <span class='ocrx_word' id='word_1_290' title='bbox 1357 2506 1501 2549; x_wconf 84' lang='lat' dir='ltr'>utpote</span> <span class='ocrx_word' id='word_1_291' title='bbox 1520 2509 1640 2550; x_wconf 75' lang='lat' dir='ltr'>quum</span> 
     </span>
     <span class='ocr_line' id='line_1_48' title="bbox 1032 2557 1639 2604; baseline -0.003 -5"><span class='ocrx_word' id='word_1_292' title='bbox 1032 2574 1177 2600; x_wconf 84' lang='lat' dir='ltr'>recens</span> <span class='ocrx_word' id='word_1_293' title='bbox 1212 2560 1344 2598; x_wconf 84' lang='lat' dir='ltr'>adhuc</span> <span class='ocrx_word' id='word_1_294' title='bbox 1379 2557 1477 2598; x_wconf 64' lang='lat' dir='ltr'>effer</span> <span class='ocrx_word' id='word_1_295' title='bbox 1508 2584 1520 2604; x_wconf 89' lang='lat'>‚</span> <span class='ocrx_word' id='word_1_296' title='bbox 1565 2569 1639 2598; x_wconf 81' lang='lat' dir='ltr'>nec</span> 
     </span>
     <span class='ocr_line' id='line_1_49' title="bbox 1032 2619 1638 2666; baseline -0.005 -6"><span class='ocrx_word' id='word_1_297' title='bbox 1032 2620 1162 2661; x_wconf 62' lang='lat' dir='ltr'>musto</span> <span class='ocrx_word' id='word_1_298' title='bbox 1181 2621 1272 2661; x_wconf 69' lang='lat' dir='ltr'>ante</span> <span class='ocrx_word' id='word_1_299' title='bbox 1291 2619 1444 2659; x_wconf 73' lang='lat' dir='ltr'>finitum</span> <span class='ocrx_word' id='word_1_300' title='bbox 1460 2648 1471 2666; x_wconf 92' lang='lat'>‚</span> <span class='ocrx_word' id='word_1_301' title='bbox 1492 2620 1638 2660; x_wconf 79' lang='lat' dir='ltr'>bellum</span> 
     </span>
     <span class='ocr_line' id='line_1_50' title="bbox 1032 2680 1643 2737; baseline -0.002 -11"><span class='ocrx_word' id='word_1_302' title='bbox 1032 2681 1226 2729; x_wconf 61' lang='lat' dir='ltr'>adversus</span> <span class='ocrx_word' id='word_1_303' title='bbox 1253 2682 1402 2726; x_wconf 81' lang='lat' dir='ltr'>Poenos</span> <span class='ocrx_word' id='word_1_304' title='bbox 1423 2680 1643 2737; x_wconf 76' lang='lat' dir='ltr'>Afrosque·</span> 
     </span>
    </p>
   </div>
  </div>
 </body>
</html>
