1680 3052
103 149 142 165 ·-
253 124 617 182 L1BER
700 118 1064 179 XXXVI.
1195 125 1303 200 361

17 216 197 256 {omnes
218 203 541 253 consentirent
563 238 578 261 ,
619 199 834 248 decrevit
851 237 865 259 ‚
900 203 1209 252 vacationem
1235 208 1305 254 rei
1321 224 1508 277 0355„

21 274 210 330 ¹navalis
238 275 303 320 eis
337 272 522 319 colonis
555 286 655 317 non
686 265 796 317 esse.
832 265 968 315 Ostia
990 305 1004 328 ,
1041 270 1092 316 δι
1123 270 1301 337 Frege·
1315 281 1507 333 a.C.191.

31 357 137 399 nae,
169 340 219 388 &
258 337 478 388 Castrum
516 354 738 395 novum,
775 335 827 382 &
867 334 1047 402 Pyrgi,
1091 336 1141 384 &
1189 339 1303 385 An..

29 409 145 456 tium
167 443 182 466 ‚
217 407 268 454 ὃ(
300 405 592 464 Tarracina,
622 405 672 452 ὅ(
701 402 962 451 Minturnae
984 440 999 463 ‚
1026 402 1304 457 &Sinuessa

17 472 247 533 fuerunt,
293 492 395 539 quae
429 491 538 521 curn
576 485 781 537 praetore
805 470 865 518 de
902 472 1162 520 vacatione
1199 490 1307 522 cer-

28 554 267 590 taverunt.
302 539 485 589 Consul
516 540 691 588 deinde
721 538 913 587 Manius
937 538 1119 592 Acilius
1151 557 1210 588 ex
1232 540 1306 591 se-

17 607 380 659 ‹natusconsulto
427 608 487 656 ad
531 609 788 674 collegium
821 604 1062 655 fecialium
1101 608 1261 657 retulit
1287 625 1304 658 ε

17 676 172 743 ιιρβηε
206 679 358 742 utique
406 678 497 744 regi
535 677 764 725 Antiocho
798 675 1072 723 indiceretur
1100 676 1264 724 bellum
1284 713 1305 737 ,

19 763 92 794 ,απ
110 745 232 809 satis
263 743 363 808 effit
392 748 455 792 ad
476 745 728 809 prcestdium
760 743 953 807 aliquod
983 741 1082 806 ejus
1109 746 1313 793 nuncia-

27 813 118 862 re?
156 813 198 859 6«
227 831 331 859 num
365 811 544 860 AEtolis
572 829 743 876 quoque
757 810 1008 874 fiparatim
1039 812 1186 860 indici
1210 811 1304 876 ju·

17 880 175 928 herent
196 880 358 927 bellum
374 881 400 927 ,ἓ
425 881 469 927 6³
501 897 605 926 num
630 877 759 944 priics
765 877 966 942 societas
983 895 1015 939 4
1036 880 1100 926 eis
1124 879 1168 928 δ’
1187 881 1306 929 ami-

0 941 1 944 *
28 947 137 996 citia
154 949 462 995 renuncianda
485 946 584 1009 eſjet
597 984 613 1004 ,
635 947 769 1010 quam
789 946 951 993 bellum
970 947 1256 996 indicendum
1273 948 1302 996 ἓ

17 1013 242 1065 {Feciales
277 1014 655 1080 responderunt:
683 1016 790 1066 Jam
818 1014 1060 1078 ante'sese,
1091 1035 1223 1079 quum
1247 1018 1301 1066 de
1368 1025 1515 1069 Fecia.

27 1083 251 1149 Philippo
291 1083 655 1148 consulerentur,
695 1079 913 1144 decreffi‚
951 1083 1070 1130 nilzil
1108 1082 1506 1148 referre,liumsen-

17 1151 114 1218 *il’fl
141 1152 288 1200 cora'm
307 1188 321 1209 ‚
353 1171 412 1199 an
432 1152 496 1198 ad
516 1151 770 1215 praesidium
792 1151 1097 1199 nunciaretur.
1121 1168 1140 1217 5
1166 1151 1436 1218 Ami-‘enfia
1457 1152 1504 1191 de

27 1220 186 1268 citiam
231 1222 542 1267 renunciatam
591 1220 768 1275 videri,
813 1236 944 1282 quum
976 1219 1137 1284 legatis
1168 1224 1466 1280 totiess‘mf'ne

27 1289 327 1351 repetentibus
355 1307 423 1334 res
444 1326 457 1343 ,
485 1304 566 1334 nec
601 1287 761 1344 reddi,
800 1286 1110 1350 necfiztisfieri
1129 1274 1490 1354 aequummdzcen:

32 1354 310 1419 censittffent.
342 1354 371 1403 6
396 1353 584 1403 AEtolos
614 1356 730 1402 ultro
755 1354 844 1417 fibi
865 1354 1029 1400 bellum
1058 1336 1353 1421 indixiffe‚‘¹‘
1390 1333 1509 1377 belh*

30 1440 168 1487 quum
200 1425 536 1471 Demetriadem
566 1420 790 1486 fhciorum
824 1421 974 1469 urbem
994 1441 1080 1488 per
1108 1426 1200 1473 vim
1232 1443 1308 1474 oc-

33 1487 262 1554 cupaffint
279 1507 302 1547 ;
347 1491 603 1538 Chalcidem
639 1491 757 1538 terra*
779 1490 978 1554 marique
1002 1507 1312 1558 oppugnatum

29 1555 155 1621 astent
175 1576 196 1615 ;
221 1576 358 1624 regem
393 1561 672 1606 Antiochum
707 1560 755 1605 in
781 1560 1019 1622 Europam
1050 1561 1115 1605 ad
1143 1562 1310 1609 bellum

22 1627 198 1692 populo
236 1630 443 1673 Romano
473 1624 751 1691 inferendum
775 1624 1089 1688 traduxiffent.
1121 1626 1310 1677 Omni-

27 1693 116 1742 bus
153 1690 248 1756 jam
274 1692 379 1741 satis
411 1695 701 1759 comparatis
719 1729 735 1753 ‚
760 1692 951 1741 Manius
974 1693 1155 1743 Acilius
1185 1714 1311 1745 con-

27 1759 95 1809 sul
130 1761 278 1808 edixit
308 1779 318 1808 :
353 1763 420 1809 Ut
441 1798 455 1821 ‚
497 1780 608 1826 quos
642 1765 699 1810 L.
734 1762 957 1827 Quintius
992 1764 1157 1811 milites
1198 1783 1310 1814 con-

19 1828 286 1896 firipfiffet‚
310 1830 355 1878 ὅ*
388 1847 501 1894 quos
515 1829 658 1894 sociis
685 1830 942 1894 nominique
973 1832 1143 1880 Latino
1166 1833 1310 1898 impe-

44 1942 50 1953 2
89 1930 118 1966 4
141 1916 259 1970 Em]
291 1918 384 1957 Hoc
405 1932 631 1971 pronomen

26 1991 108 2019 non
131 1980 169 2017 in
188 1979 291 2018 solos
310 1978 472 2020 AEtolos
492 1979 632 2019 neces-

695 1916 884 1956 Romanis
914 1917 1038 1957 toties
1082 1919 1307 1972 repetenti-

28 2039 127 2080 sarie>
149 2041 255 2079 cadit
274 2068 285 2085 ‚
315 2041 380 2079 sed
409 2041 448 2080 ὅ(
478 2041 528 2081 de
550 2042 631 2080 An-

29 2099 167 2140 tiocho
189 2102 357 2155 intelligi
379 2102 507 2156 potest
524 2130 535 2148 ,
566 2102 631 2155 qui

30 2161 95 2202 diu
127 2162 220 2202 ante
251 2162 379 2203 socius
415 2163 456 2203 ὃ(
485 2164 632 2204 amicus

27 2220 297 2264 Romanorum
349 2236 633 2278 nuncupatur,

29 2283 142 2338 supra
171 2286 335 2326 XXXII
356 2315 368 2331 ,
401 2287 440 2326 8.

89 2360 106 2396 5
127 2348 354 2387 Amicitiam
369 2348 634 2388 renunciatam

29 2406 166 2448 videri.
193 2409 210 2462 ]
251 2410 354 2450 Satis
387 2411 632 2450 declaratum

29 2469 155 2509 videri
190 2472 334 2509 nullam
378 2470 455 2523 jam
498 2472 633 2511 amici-

31 2529 121 2570 tiam
139 2535 291 2584 populo
306 2533 488 2580 Romano
501 2547 632 2587 neque

31 2603 118 2631 cum
136 2593 340 2633 Antiocho
361 2623 371 2641 ,
394 2609 522 2648 neque
545 2609 633 2636 cum

31 2650 177 2698 AEtolis
211 2655 286 2693 effe
307 2684 319 2700 ,
349 2670 466 2707 quum
492 2656 634 2713 legatis

173 2715 298 2767 Tom.
332 2719 388 2767 V.

694 1979 767 2018 bus
784 1991 846 2017 res
862 2006 872 2025 ‚
895 1980 936 2019 &
959 1982 1303 2033 conquerentibus

694 2038 856 2092 injurias
913 2042 1066 2094 populo
1117 2042 1303 2084 Romano

694 2095 814 2141 fatias
835 2128 845 2147 ,
878 2116 949 2141 rex
985 2104 1026 2142 ὃ(
1058 2101 1188 2144 AEtoli
1224 2118 1304 2145 nec

696 2162 809 2206 reddi
829 2190 839 2208 ,
860 2178 934 2204 nec
952 2162 1128 2205 satisfieri
1144 2179 1305 2219 aequum

697 2223 948 2265 censuissent.

759 2286 784 2324 6
805 2284 973 2325 AEtolos
994 2286 1098 2327 ultro
1118 2287 1195 2340 fibi
1215 2287 1302 2328 bel-

696 2346 774 2386 lum
808 2346 1001 2399 indixiffe.
1021 2348 1037 2400 ]
1060 2349 1167 2388 Nihil
1199 2362 1303 2401 opus

695 2407 772 2448 effe
803 2410 948 2448 bellum
965 2408 1114 2449 AEtolis
1141 2412 1187 2448 ab
1214 2411 1304 2451 Ro·

695 2470 818 2510 manis
850 2470 1004 2512 solenni
1025 2470 1303 2511 denunciatio-

697 2546 747 2571 ne
771 2531 917 2578 indici,
939 2546 1056 2585 quum
1079 2529 1205 2570 AEtoli
1231 2531 1301 2584 ipfi

696 2591 763 2632 fibi
782 2607 851 2646 per
875 2593 1021 2632 hostilia
1041 2594 1079 2630 in
1096 2592 1302 2637 Romanos

698 2654 798 2697 fafla
816 2655 964 2697 bellum
982 2653 1216 2697 indixerint·

1043 2709 1101 2781 Q
