1680 3052
291 132 654 190 Ltssen
737 126 1028 187 XXXI.
1235 135 1317 207 ’49

30 212 135 283 jam
154 228 272 262 nunc
289 212 431 278 statui
458 207 594 275 poffi’.
616 212 766 274 Quum
786 209 959 274 legibus
983 224 1163 256 cautum
1186 209 1286 274 effer
1301 249 1315 271 ,
1330 221 1522 276 U,c,552.·

41 301 99 331 ne
129 283 181 329 de
211 298 325 346 pace
354 278 528 326 bellove
547 313 561 336 ‚
585 277 670 340 nifi
688 277 734 324 in
759 277 1040 325 Panaetolico
1073 277 1116 324 ἃ
1153 293 1184 338 7
1215 280 1317 344 Py-
1331 280 1525 326 a.C.200·

42 350 165 398 laico
187 347 379 396 concilio
409 361 611 411 ageretur
631 382 643 401 ,
672 346 954 392 decernerent
987 347 1211 408 extemplo
1233 382 1247 404 ‚
1270 362 1320 394 ut

40 433 207 485 praetor
227 417 324 480 fine
349 413 556 480 fraude,
589 430 721 477 quum
758 414 811 459 de
854 412 973 460 bello
1011 427 1092 459 aut
1117 414 1171 458 de
1203 431 1320 477 pace

46 503 175 552 agere
192 479 335 540 velit,
359 483 550 529 advocet
580 481 822 528 concilium
847 497 860 528 .·
881 480 925 528 G·
950 481 1073 544 quod
1096 494 1187 527 tum
1207 479 1324 545 refe-

47 568 177 602 ratur
192 553 538 613 decernaturque
556 585 573 606 ,
592 564 640 596 ut
666 549 854 614 perinde
875 545 959 611 jus
980 562 1213 612 ratumque
1228 549 1292 612 fit
1308 584 1325 608 ‚

48 637 104 669 ac
150 640 164 667 z
186 618 232 666 in
255 618 537 666 Panaetolico
558 653 575 673 ‚
594 630 674 663 aut
692 617 893 681 Pylaico
914 616 1155 664 concilium
1179 620 1325 664 aHum

48 685 165 751 effit.
199 683 413 734 Dimiffis
454 686 519 733 ita
552 682 772 749 suspensa
805 699 858 733 re
890 683 1060 749 legatis
1083 716 1097 739 ,
1132 684 1325 751 egregie
1368 709 1486 753 Dim«
1517 732 1532 755 ι

48 753 315 803 consultum
350 754 481 819 genti
512 753 699 800 aiebat:
721 769 833 800 nam
863 753 1010 799 utrius
1041 753 1185 817 partis
1217 767 1523 830 me·suspensd

47 822 139 871 lior
171 820 361 870 fortuna
391 820 504 868 belli
537 818 652 869 effet
673 857 687 879 ,
719 819 780 867 ad
814 817 918 883 ejus
946 818 1228 868 societatem
1249 821 1323 870 in·
1339 839 1533 894 relegati.

47 890 323 938 clinaturos.
355 888 474 936 Haec
509 889 556 935 in
590 887 797 936 concilio
829 887 1107 936 AEtolorum
1140 887 1259 938 afta.

117 955 351 1005 XXXIII.
371 954 616 1022 Philippus
636 956 840 1022 impigre
859 954 985 1005 terra
1005 957 1220 1022 marique
1244 974 1328 1023 pa·
1374 978 1535 1033 Philip-

48 1025 183 1075 rabat
211 1024 393 1074 bellum
423 1041 434 1072 ε
467 1024 661 1073 navales
693 1025 856 1089 copias
886 1022 1258 1074 Demetriadem
1282 1027 1328 1072 in
1338 1057 1411 1098 pus
1423 1042 1539 1097 impi-

47 1091 288 1143 Theffalia
322 1091 655 1141 contrahebat.
707 1091 927 1141 Attalum
955 1091 1328 1160 Romanamque
1342 1118 1409 1160 gre
1447 1103 1536 1143 bel-

48 1160 240 1215 classem
262 1198 276 1220 ‚
308 1161 546 1227 principio
575 1160 702 1209 veris
722 1196 737 1220 ,
770 1159 829 1208 ab
863 1160 1039 1227 AEgina
1070 1176 1197 1210 ratus
1220 1180 1329 1211 mo·
1343 1167 1422 1205 lum
1461 1178 1540 1221 ‹ap-3

47 1241 182 1279 turos
201 1268 216 1290 ‚
251 1228 453 1278 navibus
487 1229 835 1294 maritimaeque
867 1246 964 1277 orae
987 1228 1201 1295 praefecit
1222 1230 1481 1284 He-Parat·

51 1298 281 1347 raclidem
300 1334 316 1355 ,
340 1313 485 1363 quem
509 1296 559 1344 &
588 1296 697 1345 ante
715 1294 994 1363 praefecerat
1015 1314 1026 1345 z
1047 1297 1145 1363 ipse
1170 1314 1331 1348 terre-

52 1364 168 1416 stres
203 1367 369 1431 copias
399 1364 711 1430 comparabat
738 1382 749 1413 :
777 1381 954 1432 magna
976 1364 1024 1414 se
1060 1366 1158 1414 duo
1197 1368 1334 1415 auxi-

50 1434 114 1484 h'a
149 1430 396 1482 detraxisse
430 1431 664 1480 Romanis
697 1432 901 1481 credens
922 1470 937 1492 ,
970 1450 1030 1482 ex
1058 1451 1150 1483 una
1191 1449 1334 1499 parte

53 1501 275 1560 AEtolos,
307 1516 369 1549 ex
399 1500 548 1549 altera
577 1499 838 1550 Dardanos
859 1539 873 1561 ‚
905 1500 1120 1550 faucibus
1149 1503 1211 1551 ad
1235 1502 1335 1552 Pe-

50 1570 295 1637 lagoniam
327 1586 354 1616 a
379 1566 481 1617 filio
512 1567 685 1619 Perseo
716 1568 996 1618 interclusis.
1028 1570 1111 1619 Ab
1140 1570 1337 1621 consule

53 1655 154 1687 non
183 1636 468 1704 parabatur,
500 1636 581 1686 sed
613 1636 868 1705 gerebatur
890 1635 986 1703 jam
1009 1637 1190 1688 bellum
1214 1657 1225 1687 t
1247 1656 1336 1705 per

54 1703 436 1756 Dassaretiorum
483 1703 604 1754 fines
642 1708 902 1755 exercitum
939 1706 1187 1768 ducebat,
1225 1707 1333 1757 fru-
1395 1722 1545 1781 Consul

55 1789 273 1823 mentum
295 1809 310 1830 ‚
348 1772 484 1838 quod
530 1790 591 1822 ex
640 1774 849 1823 hibernis
892 1775 1162 1836 extulerat,
1198 1777 1330 1826 inte·
1345 1785 1544 1842 perDas-

57 1859 194 1911 grum
224 1840 445 1901 vehens;
478 1841 611 1907 quod
643 1843 690 1890 in
724 1841 856 1891 usum
882 1843 1020 1892 militi
1053 1842 1160 1893 satis
1186 1843 1515 1907 effet‚saretio-

56 1909 379 1976 praebentibus
413 1912 553 1975 agris.
571 1907 775 1976 Oppida
795 1911 1014 1978 vicique,
1038 1913 1211 1978 partim
1238 1931 1331 1963 vo·
1346 1911 1540 1979 rumfines

58 1978 241 2026 luntate
260 2013 276 2036 ‚
311 1979 481 2043 partim
509 1993 643 2027 metu
661 1978 706 2027 se
726 1978 978 2028 tradebant
1001 1996 1011 2027 t
1038 1981 1261 2046 quaedam
1284 1983 1332 2031 vi
1349 1973 1459 2046 dum.
1497 1987 1543 2012 e-

60 2057 337 2111 expugnata
364 2062 374 2092 ε
404 2046 628 2111 quaedam
661 2045 874 2108 deserta,
900 2048 949 2097 in
988 2064 1182 2098 montes
1217 2068 1336 2116 pro·
1350 2047 1543 2089 mmmm

61 2115 271 2180 pinquos
304 2111 648 2178 refugientibus
674 2114 885 2164 barbaris
905 2153 919 2175 ‚
949 2116 1341 2169 inveniebantur.

62 2180 146 2233 Ad
166 2180 357 2250 Lycum
377 2178 544 2231 stativa
565 2182 721 2250 posuit
740 2200 894 2252 prope
914 2184 1097 2235 flumen
1118 2184 1343 2238 Bevum:

122 2317 149 2354 7
166 2300 335 2358 Pylaico
354 2300 574 2357 concilim]
594 2302 670 2344 His
733 2303 841 2356 ldenni
867 2304 1043 2346 concilio
1055 2303 1287 2348 AEtolorum
1301 2306 1344 2350 in

62 2365 196 2405 verbis
255 2362 431 2418 designat
489 2364 670 2418 profeftb
734 2366 832 2407 urbe
847 2366 1028 2408 Thermo
1044 2381 1055 2409 z
1070 2368 1123 2409 ita
1140 2379 1181 2409 ut
1202 2382 1343 2411 errore

66 2426 202 2468 Livius
236 2425 450 2465 concilium
485 2425 592 2478 quod
622 2425 672 2465 ad
733 2428 905 2469 nominis
926 2429 1122 2483 deceptus
1149 2430 1257 2470 fuisse
1279 2428 1343 2472 Li·

67 2487 364 2541 Thermopylas
436 2487 671 2528 haberetur.
733 2488 820 2530 vius
840 2490 1038 2532 videatur.
1058 2491 1165 2532 Vide
1189 2505 1232 2530 ea
1254 2505 1344 2544 quae

69 2546 151 2589 Sed
177 2548 249 2588 alia
281 2561 391 2587 mens
422 2547 497 2588 fuit
522 2549 673 2589 Damo-
734 2552 1012 2594 annotabimus
1054 2552 1103 2593 ad
1138 2552 1348 2598 XXXUI.

71 2608 161 2648 criti
190 2635 199 2654 ‚
237 2622 353 2662 quem
384 2609 590 2649 verifimile
621 2610 676 2650 est
737 2622 812 2667 35.

70 2667 203 2726 potius
226 2669 404 2708 locutum
421 2669 530 2713 fuisse
550 2671 598 2713 de
616 2671 676 2715 so-

212 2730 340 2780 Tom.
379 2733 437 2781 V.
1022 2728 1074 2785 C

1601 270 1626 291 ἢ
