1680 3052
366 151 479 210 ¹30
647 131 704 192 T
745 150 768 191 1
811 150 852 191 T
893 149 918 190 1
1023 135 1069 192 L
1114 150 1136 191 1
1179 151 1226 191 v
1267 150 1290 191 1
1334 149 1360 191 1

140 231 193 274 U
198 242 234 274 ς
241 241 333 283 555
348 213 526 265 deinde
549 215 679 294 ,regis
701 212 981 266 intromiffi·
999 217 1174 282 quibus
1201 216 1476 283 longiorem
1499 210 1644 268 exo?-

140 287 234 329 a..C
239 298 333 338 197
347 281 405 332 fis
441 284 753 344 orationem,
788 284 950 333 brevis
985 284 1342 351 interrogatio,
1374 284 1647 337 cessurusne

191 345 404 416 Lfgatl'iis
451 351 601 401 tribus
647 322 843 400 urbibus
889 349 1050 412 esset,
1095 350 1372 401 sermonem
1418 354 1587 403 incidit
1622 390 1649 417 5

138 407 240 464 ”gii
311 424 499 487 “quum
523 419 737 469 mandati
768 418 853 467 fibi
891 419 951 467 de
983 419 1054 468 his
1087 423 1375 469 nominatim
1406 436 1643 488 negarent·

132 466 1649 568 sena²ur³quicquam;fic1nfe61apace‚regudmmffiQuin·

137 530 297 636 Jftffl
345 559 415 606 tio
447 557 651 606 liberum
686 555 932 605 arbitrium
958 558 1090 622 pacis
1121 574 1173 605 ac
1203 557 1319 606 belli
1341 556 1648 623 permissum.

169 593 282 651 mnffi
348 639 378 674 2
404 624 561 690 Quod
591 637 643 673 ut
675 622 781 672 satis
814 626 1072 689 apparuit,
1095 642 1196 673 non
1219 625 1398 675 taedere
1422 626 1538 675 belli
1567 625 1641 676 se-

344 709 552 753 natum,
586 692 638 741 &
672 690 772 759 ipse
808 691 1023 742 victoriae
1061 710 1206 758 quam
1241 695 1368 759 pacis
1405 694 1642 756 avidior,

345 778 508 828 neque
550 760 851 827 colloquium
885 760 1052 827 postea
1081 760 1306 827 Philippo
1338 762 1508 821 dedit,
1546 779 1641 813 ne-

347 847 441 895 que
466 831 766 897 legationem
790 830 939 878 aliam
969 847 1114 896 quam
1145 848 1248 897 quae
1282 832 1418 878 omni
1443 798 1648 880 Giaecia:

348 899 526 947 decedi
560 900 844 958 nunciaret,
876 896 1183 946 admissurum
1213 898 1347 948 dixit.

151 984 336 1044 Philippi
415 965 702 1015 XXXVIII.
741 965 893 1032 Philip
865 984 987 1033 ppus
1027 985 1175 1033 quum
1218 970 1320 1016 acie
1361 966 1640 1017 decernen-

129 1047 261 1104 foedus
347 1034 462 1084 dum
494 1034 724 1095 videret,
763 1035 817 1084 &
849 1035 1061 1101 undique
1099 1034 1160 1083 ad
1194 1033 1239 1084 se
1275 1036 1639 1085 contrahendas

138 1125 224 1151 cum
247 1113 332 1153 Na·
346 1105 506 1163 vires,
530 1103 743 1151 maxime
773 1103 833 1152 de
853 1101 1049 1152 Achaiae
1068 1103 1303 1163 urbibus,
1331 1106 1548 1171 regionis
1573 1104 1649 1153 ab'

135 1171 244 1217 bide.
305 1198 308 1201 ·
344 1172 391 1222 se
433 1172 672 1232 diversae,
705 1171 757 1220 &
786 1173 937 1238 magis
972 1186 1134 1220 tamen
1172 1171 1233 1221 de
1271 1172 1415 1239 Argis
1438 1210 1452 1233 ,
1488 1190 1635 1238 quam

343 1242 407 1291 de
439 1239 682 1290 Corintho
717 1240 980 1300 sollicitus,
1013 1242 1254 1305 optimum
1289 1254 1416 1289 ratus
1448 1239 1638 1290 Nabidi

344 1327 456 1360 eam
477 1309 964 1358 Lacedaemoniorum
995 1323 1205 1374 tyranno
1235 1323 1254 1372 3
1279 1309 1412 1357 velut
1435 1307 1655 1368 fiducia-¹

342 1381 464 1427 :ciam
490 1379 602 1426 dare
625 1416 638 1436 ‚
655 1391 707 1425 ut
735 1375 907 1426 vi&ori
930 1376 1012 1424 fibi
1033 1375 1296 1425 restitueret
1317 1415 1329 1436 ,
1352 1375 1385 1425 st
1410 1377 1525 1443 quid
1549 1377 1636 1426 ad-

341 1446 467 1495 versi
494 1445 767 1506 accidisset,
788 1444 886 1511 ipse
910 1445 1108 1494 haberet
1128 1482 1144 1503 ,
1168 1443 1402 1504 Philocli,
1424 1447 1502 1511 qui
1524 1444 1637 1494 Co-

337 1515 506 1564 rintho
528 1513 765 1581 Argisque
799 1527 1031 1578 praeerat,
1063 1513 1257 1571 scribit,
1282 1527 1334 1562 ut
1366 1526 1637 1579 tyrannum

338 1583 441 1657 ipse
478 1585 777 1632 conveniret.
811 1581 1095 1640 Philocles,
1132 1596 1454 1655 praeterquam
1493 1583 1630 1649 qubd

338 1669 443 1717 jam
479 1652 708 1700 veniebat
739 1667 849 1699 cum
886 1666 1125 1708 mune1·,e
1152 1649 1315 1729 adjicit
1351 1649 1413 1697 ad
1452 1653 1634 1718 pignus

338 1719 511 1769 :futurae
551 1721 654 1785 regi
684 1736 793 1766 cum
831 1733 1042 1783 tyranno
1083 1719 1340 1779 amicitiae,
1362 1716 1482 1767 filias
1505 1692 1638 1769 D-suas

338 1803 511 1854 regem
559 1786 762 1836 Nabidis
813 1785 918 1835 filiis
967 1788 1278 1836 matrimonio
1327 1785 1636 1854 conjungere

340 1857 488 1905 velie.
525 1854 788 1922 Tyrannus
824 1856 983 1921 primi>
1022 1872 1199 1922 negare
1227 1893 1241 1914 ‚
1278 1856 1413 1904 aliter
1455 1856 1636 1905 urbem-

338 1941 451 1973 eam
487 1923 533 1973 se
572 1941 922 1989 accepturum,
960 1922 1043 1972 nifi
1080 1925 1376 1990 Argivorum
1414 1923 1637 1990 ipsorum

339 1992 541 2043 decreto
566 1991 805 2042 arceffitus
826 1993 885 2040 ad
915 1993 1140 2041 auxilium
1168 1991 1294 2040 urbis
1326 1990 1473 2041 effet:
1488 1993 1629 2042 dein-

338 2061 432 2123 tie,
455 2077 506 2110 ut
536 2060 779 2130 frequenti
806 2063 1046 2112 concione
1078 2079 1178 2111 non
1210 2059 1487 2127 aspernatos
1517 2077 1650 2117 mot

400 2206 429 2236 2
469 2194 590 2253 Quod
623 2208 665 2235 ut
695 2193 798 2249 sacis
829 2209 949 2250 appa·
1013 2194 1110 2236 riam
1135 2226 1147 2246 ‚
1179 2194 1246 2249 qui
1279 2194 1386 2234 inam
1426 2192 1544 2234 alteri
1577 2192 1637 2234 εει,

336 2255 419 2297 ruit
451 2284 461 2302 ,
498 2272 576 2296 non
625 2258 777 2299 taedere..
804 2258 817 2308 j
871 2255 949 2298 Hic
1013 2258 1104 2312 lege
1126 2258 1249 2296 tradit
1266 2285 1277 2301 ,
1297 2266 1339 2295 ut
1359 2253 1426 2294 fibi
1445 2255 1624 2310 aliquan·

337 2322 511 2363 otiosum
544 2322 597 2362 est
619 2351 629 2370 ,
660 2317 706 2364 τὶ
736 2321 840 2375 quod
865 2332 876 2358 .·
909 2320 948 2361 ὅ(
1015 2319 1067 2358 do
1086 2319 1302 2365 reddatur,
1321 2315 1400 2356 fide
1421 2317 1633 2372 utrimque

333 2385 386 2425 {ic
403 2384 603 2425 interdum
633 2398 715 2424 non
743 2383 945 2436 inelegan·
1012 2380 1101 2420 data
1119 2408 1128 2423 ‚
1152 2379 1229 2419 sine
1250 2378 1410 2418 testibus
1429 2391 1495 2420 aut
1513 2380 1623 2420 litte·

334 2460 401 2487 ter
449 2461 471 2486 a
518 2445 667 2486 Latinis
717 2444 942 2495 usurpatur,
1009 2441 1223 2483 ris:unde
1265 2441 1301 2482 ὅ(
1337 2439 1481 2480 fiducia
1506 2468 1517 2488 ,
1552 2454 1620 2481 res

334 2508 491 2550 Melius
550 2518 683 2548 tamen
738 2506 945 2545 videretur
1009 2498 1241 2549 fiduciaria,
1270 2501 1476 2542 fiduciaria
1506 2516 1626 2542 man*

333 2571 398 2610 atui
415 2598 425 2618 ‚
447 2569 627 2610 nimirum
651 2568 839 2621 Quintio.
1009 2564 1158 2618 cipatio
1183 2564 1326 2605 dicitur
1346 2592 1357 2612 ,
1386 2565 1476 2619 quia
1509 2578 1618 2604 nem·

398 2643 418 2685 3
443 2631 564 2674 Velut
581 2630 850 2688 fiduciariam.
865 2627 879 2678 ]
903 2628 942 2667 Is
1005 2641 1057 2683 pe
1087 2627 1253 2672 alterius
1281 2625 1375 2670 fidei
1406 2627 1627 2670 credimus&

331 2708 417 2736 rem
457 2694 630 2750 aliquam
674 2693 744 2735 dat
780 2687 951 2747 ᾗόιιςὶαῗ
