1680 3052
204 86 250 150 'L
295 107 315 148 1
361 105 396 146 B
443 105 478 146 E
523 106 563 146 R
646 87 1023 149 XXXVI.
1164 109 1278 173 359

8 172 265 223 vulvinaria
282 170 510 221 dabuntur
532 170 586 217 de
602 169 798 235 pecunia
819 207 835 230 ‚
860 189 1076 234 quantam
1090 171 1278 235 sinatus
1295 200 1365 242 Um.
1390 201 1461 253 551
1481 211 1485 214 .

4 243 256 291 decreverit.
291 239 515 305 ,Quifiluis
550 238 832 302 magistratus
864 256 939 286 eos
969 239 1103 288 ludos
1132 261 1277 306 quan·
1295 234 1486 312 mcum:

4 307 61 356 do
90 309 248 373 ubique
267 308 434 371 faxit,
459 308 505 354 hi
540 306 640 353 ludi
672 309 778 353 reele-
793 303 940 369 faHi,
965 308 1170 372 donaque
1193 313 1281 358 da-

9 389 54 423 ta
80 379 183 424 νεέῖὲ
204 376 358 439 sunto·
393 372 693 439 Supplicatio
727 373 838 422 inde
865 374 924 421 ab
949 374 1137 423 duobus
1156 395 1282 426 con-

8 439 175 492 sulibus
209 442 362 492 edicta
391 459 477 507 per
512 441 711 489 biduum
732 442 837 490 fuit.
861 440 1150 491 Consulibus
1180 445 1283 493 sor-

5 511 96 562 titis
131 512 437 578 provincias,
477 511 727 575 extemplo
763 510 814 557 &
864 527 1095 575 praetores
1130 511 1281 562 sortiti

4 576 121 628 sunt.
156 579 225 627 M.
269 579 410 628 Junio
451 577 601 626 Bruto
639 576 892 641 jurisdiffiiio
931 594 1131 644 utraque
1167 598 1289 630 eve-

0 646 104 708 nit,
139 648 198 695 A.
225 644 460 696 Cornelio
499 646 779 694 Mammulae
806 645 1007 704 Bruttii,
1033 647 1107 695 M.
1126 648 1286 697 AEmi-

6 714 68 764 {io
99 713 286 780 Lepido
319 714 472 763 Sicilia
493 752 508 773 ‚
548 713 600 761 L.
630 712 802 779 Oppio
840 713 1092 763 Salinatori
1123 715 1290 766 Sardi-

4 784 81 831 nia
114 821 128 842 ,
176 782 238 832 C.
289 782 429 831 Livio
479 781 737 830 Salinatori
779 780 927 830 claffis
951 821 964 842 ,
1002 781 1057 830 L.
1090 783 1289 835 AEmilio

0 847 426 917 Paullo-Hispania
456 851 670 898 ulterior.
706 849 794 897 His
832 852 896 898 ita
930 853 1166 899 exercitus
1199 854 1289 902 de-

2 921 139 969 creti.
190 922 252 968 A.
302 917 540 968 Cornelio
598 919 715 966 novi
772 905 978 977 militesffl
1032 919 1289 987 conscripti

0 989 162 1054 ipriore
212 1006 339 1036 anno
386 1004 445 1036 ex
481 985 884 1034 senatusconsulto
925 1005 949 1034 a
983 984 1039 1034 L.
1073 985 1287 1051 Quintio

6 1055 197 1105 consule
220 1094 235 1116 ,
268 1057 364 1104 dati
383 1057 483 1104 sunt
502 1072 512 1101 :
532 1053 760 1118 jussusque
787 1056 906 1102 tueri
931 1072 1129 1104 omnem
1151 1075 1289 1107 oram

4 1124 127 1172 circa
167 1123 437 1173 Tarentum
489 1121 921 1188 Brundusiumque.
978 1121 1033 1171 L.
1087 1123 1287 1176 AEmilio

4 1189 169 1252 Paullo
204 1195 252 1240 in
290 1193 566 1240 ulteriorem
605 1189 917 1255 Hispaniam,
963 1208 1139 1255 praeter
1175 1211 1286 1243 eum

6 1263 268 1309 exercitum
304 1277 445 1325 quem
480 1276 505 1306 a
543 1257 614 1307 M.
649 1258 820 1307 Fulvio
863 1276 1162 1324 propraetore
1203 1277 1290 1310 ac'-

3 1345 230 1393 cepturus
268 1328 408 1386 esset,
450 1326 697 1375 decretum
725 1363 740 1384 ‚
779 1341 830 1373 ut
873 1345 1118 1375 novorum
1152 1331 1286 1378 rnili-

5 1410 108 1443 tum
142 1399 227 1446 tria
260 1397 405 1443 millia
437 1394 665 1452 duceret,
703 1395 750 1442 ὅ(
787 1410 1031 1443 trecentos
1066 1399 1251 1461 equites
1273 1436 1288 1459 ,

3 1463 68 1531 ita
89 1478 140 1511 ut
163 1466 210 1512 in
240 1466 293 1512 iis
316 1464 419 1511 duae
451 1479 608 1527 partes
645 1460 821 1510 socium
856 1461 1012 1509 Latini
1049 1467 1288 1528 nominis,

4 1534 144 1580 tertia
181 1534 356 1580 civium
393 1530 727 1579 Rornanorum
762 1529 892 1579 esset.
928 1530 1065 1579 Idem
1095 1531 1289 1599 supple.

5 1602 157 1649 menti
189 1600 248 1648 ad
284 1598 346 1649 C.
376 1598 664 1647 Flaminium
688 1636 702 1658 ‚
726 1599 801 1646 cui
823 1600 1078 1664 imperium
1112 1619 1288 1666 proro-

40 1669 206 1716 abatur
228 1706 242 1726 ,
281 1669 328 1716 in
359 1666 637 1731 Hispaniam
673 1668 944 1715 citeriorem
983 1666 1049 1716 est
1082 1668 1286 1722 miffum.

3 1684 76 1784 ΞΛ.
133 1736 350 1784 AEmilius
392 1734 601 1799 Lepidus
637 1753 660 1782 a
694 1733 748 1781 L.
786 1734 987 1782 Valerio
1012 1773 1026 1794 ,
1062 1739 1136 1785 cui
1173 1737 1284 1787 suc—

3 1802 204 1853 ceffurus
241 1803 388 1863 effer,
418 1803 550 1851 simul
588 1804 886 1868 provinciam
920 1806 1284 1873 exercitumque

3 1874 223 1937 accipere
256 1871 396 1936 jussus
430 1890 440 1919 :
476 1871 530 1920 l..
553 1870 840 1930 Valerium,
870 1869 984 1919 stira
1003 1872 1284 1938 videretur,

5 1956 303 2006 propraetore
342 1942 386 1987 in
424 1940 675 2005 provincia
711 1941 950 1997 retinere;
991 1940 1040 1987 &
1076 1945 1284 2006 provin-

6 2009 130 2056 tiam
167 2011 232 2055 ita
251 2007 466 2056 dividere
487 2046 500 2066 ‚
539 2022 588 2056 ut
609 2026 699 2055 una
730 2008 788 2054 ab
825 2007 1093 2073 Agrigento
1119 2011 1179 2057 ad
1198 2010 1285 2060 Pa-

7 2076 216 2142 chynum
253 2075 367 2124 effet
390 2114 403 2134 ,
439 2076 584 2124 altera
618 2095 643 2124 a
674 2074 904 2140 Pachyno
939 2074 1285 2141 Tyndarium3

9 2157 116 2193 eam
151 2146 437 2211 maritimam
476 2161 610 2192 oram
651 2143 705 2192 L.
742 2144 963 2191 Valerius
997 2146 1165 2211 viginti
1191 2166 1284 2196 na-

8 2212 143 2260 vibus
174 2213 329 2279 longis
352 2210 625 2260 custodiret.
658 2209 827 2259 Eidem
853 2215 1046 2275 praetori
1080 2216 1285 2264 manda·

9 2292 140 2340 tum,
172 2295 224 2329 ut
270 2298 288 2328 1
342 2279 456 2328 duas
494 2280 718 2328 decumas
755 2280 981 2350 frumenti
1022 2283 1237 2348 exigeret
1268 2301 1280 2333 z

12 2408 14 2410 v
72 2392 91 2421 1
115 2381 231 2422 Duas
249 2384 614 2436 decumasfrumen-
676 2382 906 2435 reipublicae
954 2397 1172 2439 cogeretur
1192 2416 1202 2434 ,
1238 2400 1284 2429 ut

10 2439 76 2495 αἶ]
98 2442 243 2484 Obiter
265 2445 536 2484 annotandum
557 2443 612 2483 vi·
678 2444 917 2484 decerneret
932 2473 943 2493 ‚
960 2459 1001 2484 ut
1015 2447 1150 2488 alterae
1165 2450 1287 2489 ‹lecu-

11 2503 126 2543 detur
142 2532 152 2552 ,
165 2506 273 2558 quod
288 2505 448 2546 testatur
464 2504 613 2546 Cicero
677 2519 751 2545 mae
767 2507 1027 2561 exigerentur
1042 2537 1052 2552 ,
1073 2509 1123 2548 ita
1144 2511 1285 2551 decer.

8 2564 116 2605 1.111
138 2594 146 2612 ‚
172 2568 209 2606 in
228 2569 400 2610 Verrem
423 2596 433 2614 ,
461 2584 499 2608 n.
525 2581 581 2615 42
600 2595 610 2615 ,
678 2581 775 2607 nere
817 2570 969 2608 (olitum
989 2600 1000 2618 ‚
1038 2581 1080 2609 ut
1116 2573 1285 2623 pecunia

11 2622 210 2678 senatum,
231 2644 349 2684 quum
368 2630 615 2685 temporibus
677 2643 752 2685 pro
769 2630 828 2673 bis
858 2630 1034 2673 decumis
1060 2631 1285 2676 solveretur
