<?xml version="1.0" encoding="UTF-8"?>
<!DOCTYPE html PUBLIC "-//W3C//DTD XHTML 1.0 Transitional//EN"
    "http://www.w3.org/TR/xhtml1/DTD/xhtml1-transitional.dtd">
<html xmlns="http://www.w3.org/1999/xhtml" xml:lang="en" lang="en">
 <head>
  <title>
</title>
<meta http-equiv="Content-Type" content="text/html;charset=utf-8" />
  <meta name='ocr-system' content='tesseract 3.04.00' />
  <meta name='ocr-capabilities' content='ocr_page ocr_carea ocr_par ocr_line ocrx_word'/>
</head>
<body>
  <div class='ocr_page' id='page_1' title='image "./tliviipatavinihi0301livy_0055.png"; bbox 0 0 1680 3052; ppageno 0'>
   <div class='ocr_carea' id='block_1_1' title="bbox 322 120 1340 203">
    <p class='ocr_par' dir='ltr' id='par_1_1' title="bbox 322 120 1340 203">
     <span class='ocr_line' id='line_1_1' title="bbox 322 120 1340 203; baseline -0.002 -19"><span class='ocrx_word' id='word_1_1' title='bbox 322 125 689 184; x_wconf 77' lang='lat' dir='ltr'>LIBER</span> <span class='ocrx_word' id='word_1_2' title='bbox 775 120 1063 181; x_wconf 85' lang='lat' dir='ltr'><strong>XXXI.</strong></span> <span class='ocrx_word' id='word_1_3' title='bbox 1278 139 1340 203; x_wconf 79' lang='lat'>51</span> 
     </span>
    </p>
   </div>
   <div class='ocr_carea' id='block_1_2' title="bbox 66 202 1560 2249">
    <p class='ocr_par' dir='ltr' id='par_1_2' title="bbox 66 202 1560 2025">
     <span class='ocr_line' id='line_1_2' title="bbox 66 202 1552 271; baseline 0 -16"><span class='ocrx_word' id='word_1_4' title='bbox 66 205 283 266; x_wconf 61' lang='lat' dir='ltr'>Rufum,</span> <span class='ocrx_word' id='word_1_5' title='bbox 317 207 366 255; x_wconf 85' lang='lat' dir='ltr'>id</span> <span class='ocrx_word' id='word_1_6' title='bbox 393 220 575 254; x_wconf 87' lang='lat' dir='ltr'>metum</span> <span class='ocrx_word' id='word_1_7' title='bbox 613 204 950 271; x_wconf 81' lang='lat' dir='ltr'>pigritiamque</span> <span class='ocrx_word' id='word_1_8' title='bbox 980 202 1179 252; x_wconf 83' lang='lat' dir='ltr'>incuffit.</span> <span class='ocrx_word' id='word_1_9' title='bbox 1216 202 1343 253; x_wconf 88' lang='lat' dir='ltr'>Nam</span> <span class='ocrx_word' id='word_1_10' title='bbox 1358 210 1552 267; x_wconf 71' lang='lat' dir='ltr'>U.q.552.</span> 
     </span>
     <span class='ocr_line' id='line_1_3' title="bbox 70 269 1550 343; baseline -0.003 -18"><span class='ocrx_word' id='word_1_11' title='bbox 70 278 153 343; x_wconf 88' lang='lat' dir='ltr'>qui</span> <span class='ocrx_word' id='word_1_12' title='bbox 191 275 219 324; x_wconf 86' lang='lat'>8</span> <span class='ocrx_word' id='word_1_13' title='bbox 243 273 380 324; x_wconf 83' lang='lat' dir='ltr'>hastis</span> <span class='ocrx_word' id='word_1_14' title='bbox 417 272 686 340; x_wconf 80' lang='lat' dir='ltr'>sagittisque</span> <span class='ocrx_word' id='word_1_15' title='bbox 703 308 716 331; x_wconf 89' lang='lat'>‚</span> <span class='ocrx_word' id='word_1_16' title='bbox 751 272 802 320; x_wconf 74' lang='grc' dir='ltr'>ὃ(</span> <span class='ocrx_word' id='word_1_17' title='bbox 825 290 924 319; x_wconf 85' lang='lat' dir='ltr'>rara</span> <span class='ocrx_word' id='word_1_18' title='bbox 951 270 1129 319; x_wconf 83' lang='lat' dir='ltr'>lanceis</span> <span class='ocrx_word' id='word_1_19' title='bbox 1150 269 1550 332; x_wconf 55' lang='lat' dir='ltr'>vulnerafffss-mo·</span> 
     </span>
     <span class='ocr_line' id='line_1_4' title="bbox 72 326 1554 405; baseline -0.003 -12"><span class='ocrx_word' id='word_1_20' title='bbox 72 343 198 393; x_wconf 57' lang='lat' dir='ltr'>facia</span> <span class='ocrx_word' id='word_1_21' title='bbox 215 341 435 392; x_wconf 86' lang='lat' dir='ltr'>vidissent</span> <span class='ocrx_word' id='word_1_22' title='bbox 454 379 467 399; x_wconf 84' lang='lat'>‚</span> <span class='ocrx_word' id='word_1_23' title='bbox 494 358 601 389; x_wconf 87' lang='lat' dir='ltr'>cum</span> <span class='ocrx_word' id='word_1_24' title='bbox 625 338 812 390; x_wconf 76' lang='lat' dir='ltr'>Graecis</span> <span class='ocrx_word' id='word_1_25' title='bbox 837 337 1106 405; x_wconf 82' lang='lat' dir='ltr'>Illyriisque</span> <span class='ocrx_word' id='word_1_26' title='bbox 1133 356 1346 405; x_wconf 82' lang='lat' dir='ltr'>pugnare</span> <span class='ocrx_word' id='word_1_27' title='bbox 1359 326 1441 397; x_wconf 61' lang='lat'>3¹⁵,</span> <span class='ocrx_word' id='word_1_28' title='bbox 1462 326 1554 364; x_wconf 56' lang='grc' dir='ltr'>ναῖ’</span> 
     </span>
     <span class='ocr_line' id='line_1_5' title="bbox 72 386 1511 476; baseline -0.004 -16"><span class='ocrx_word' id='word_1_29' title='bbox 72 411 264 469; x_wconf 80' lang='lat' dir='ltr'>assueti,</span> <span class='ocrx_word' id='word_1_30' title='bbox 291 409 601 476; x_wconf 77' lang='lat' dir='ltr'>posteaquam</span> <span class='ocrx_word' id='word_1_31' title='bbox 622 408 784 475; x_wconf 85' lang='lat' dir='ltr'>gladio</span> <span class='ocrx_word' id='word_1_32' title='bbox 819 405 1119 473; x_wconf 72' lang='lat' dir='ltr'>Hispaniensi</span> <span class='ocrx_word' id='word_1_33' title='bbox 1149 386 1511 455; x_wconf 52' lang='lat' dir='ltr'>detrun-&#39;mlh&#39;</span> 
     </span>
     <span class='ocr_line' id='line_1_6' title="bbox 74 444 1534 542; baseline -0.004 -13"><span class='ocrx_word' id='word_1_34' title='bbox 74 495 179 529; x_wconf 84' lang='lat' dir='ltr'>cata</span> <span class='ocrx_word' id='word_1_35' title='bbox 214 495 420 542; x_wconf 87' lang='lat' dir='ltr'>corpora</span> <span class='ocrx_word' id='word_1_36' title='bbox 439 476 640 525; x_wconf 88' lang='lat' dir='ltr'>brachiis</span> <span class='ocrx_word' id='word_1_37' title='bbox 672 473 906 535; x_wconf 69' lang='lat' dir='ltr'>abscissis,</span> <span class='ocrx_word' id='word_1_38' title='bbox 934 489 1014 525; x_wconf 90' lang='lat' dir='ltr'>aut</span> <span class='ocrx_word' id='word_1_39' title='bbox 1048 473 1154 524; x_wconf 66' lang='lat' dir='ltr'>tota</span> <span class='ocrx_word' id='word_1_40' title='bbox 1191 444 1534 524; x_wconf 51' lang='lat' dir='ltr'>cervi-summm⁸</span> 
     </span>
     <span class='ocr_line' id='line_1_7' title="bbox 72 543 1357 610; baseline -0.002 -14"><span class='ocrx_word' id='word_1_41' title='bbox 72 563 131 596; x_wconf 86' lang='lat' dir='ltr'>ce</span> <span class='ocrx_word' id='word_1_42' title='bbox 164 545 347 594; x_wconf 66' lang='lat' dir='ltr'>desefta</span> <span class='ocrx_word' id='word_1_43' title='bbox 379 543 524 593; x_wconf 86' lang='lat' dir='ltr'>divisa</span> <span class='ocrx_word' id='word_1_44' title='bbox 560 563 586 592; x_wconf 91' lang='lat' dir='ltr'>a</span> <span class='ocrx_word' id='word_1_45' title='bbox 610 560 815 610; x_wconf 88' lang='lat' dir='ltr'>corpore</span> <span class='ocrx_word' id='word_1_46' title='bbox 836 544 1020 609; x_wconf 86' lang='lat' dir='ltr'>capita,</span> <span class='ocrx_word' id='word_1_47' title='bbox 1041 545 1357 609; x_wconf 85' lang='lat' dir='ltr'>patentiaque</span> 
     </span>
     <span class='ocr_line' id='line_1_8' title="bbox 72 611 1354 674; baseline -0.002 -11"><span class='ocrx_word' id='word_1_48' title='bbox 72 612 287 674; x_wconf 88' lang='lat' dir='ltr'>viscera,</span> <span class='ocrx_word' id='word_1_49' title='bbox 319 613 371 661; x_wconf 85' lang='lat'>&amp;</span> <span class='ocrx_word' id='word_1_50' title='bbox 414 612 687 661; x_wconf 81' lang='lat' dir='ltr'>foeditatem</span> <span class='ocrx_word' id='word_1_51' title='bbox 721 613 863 660; x_wconf 86' lang='lat' dir='ltr'>aliam</span> <span class='ocrx_word' id='word_1_52' title='bbox 904 611 1156 661; x_wconf 88' lang='lat' dir='ltr'>vulnerum</span> <span class='ocrx_word' id='word_1_53' title='bbox 1201 612 1354 661; x_wconf 84' lang='lat' dir='ltr'>vide-</span> 
     </span>
     <span class='ocr_line' id='line_1_9' title="bbox 74 679 1358 747; baseline -0.001 -16"><span class='ocrx_word' id='word_1_54' title='bbox 74 696 222 741; x_wconf 80' lang='lat' dir='ltr'>runt,</span> <span class='ocrx_word' id='word_1_55' title='bbox 268 681 496 730; x_wconf 77' lang='lat' dir='ltr'>adversus</span> <span class='ocrx_word' id='word_1_56' title='bbox 549 698 655 747; x_wconf 85' lang='lat' dir='ltr'>quae</span> <span class='ocrx_word' id='word_1_57' title='bbox 706 681 801 730; x_wconf 83' lang='lat' dir='ltr'>tela</span> <span class='ocrx_word' id='word_1_58' title='bbox 837 679 1053 746; x_wconf 89' lang='lat' dir='ltr'>quosque</span> <span class='ocrx_word' id='word_1_59' title='bbox 1095 680 1226 728; x_wconf 87' lang='lat' dir='ltr'>viros</span> <span class='ocrx_word' id='word_1_60' title='bbox 1257 697 1358 745; x_wconf 86' lang='lat' dir='ltr'>pu·-</span> 
     </span>
     <span class='ocr_line' id='line_1_10' title="bbox 75 746 1354 818; baseline 0.001 -21"><span class='ocrx_word' id='word_1_61' title='bbox 75 749 319 818; x_wconf 83' lang='lat' dir='ltr'>gnandum</span> <span class='ocrx_word' id='word_1_62' title='bbox 345 748 460 798; x_wconf 89' lang='lat' dir='ltr'>esset</span> <span class='ocrx_word' id='word_1_63' title='bbox 478 787 493 809; x_wconf 90' lang='lat'>‚</span> <span class='ocrx_word' id='word_1_64' title='bbox 523 748 686 814; x_wconf 87' lang='lat' dir='ltr'>pavidi</span> <span class='ocrx_word' id='word_1_65' title='bbox 707 749 859 816; x_wconf 72' lang='lat' dir='ltr'>vulgo</span> <span class='ocrx_word' id='word_1_66' title='bbox 888 747 1169 797; x_wconf 73' lang='lat' dir='ltr'><strong>cernebant.</strong></span> <span class='ocrx_word' id='word_1_67' title='bbox 1192 746 1354 814; x_wconf 84' lang='lat' dir='ltr'>Ipsum</span> 
     </span>
     <span class='ocr_line' id='line_1_11' title="bbox 73 814 1357 885; baseline -0.002 -18"><span class='ocrx_word' id='word_1_68' title='bbox 73 834 271 883; x_wconf 87' lang='lat' dir='ltr'>quoque</span> <span class='ocrx_word' id='word_1_69' title='bbox 292 834 458 885; x_wconf 87' lang='lat' dir='ltr'>regem</span> <span class='ocrx_word' id='word_1_70' title='bbox 484 832 638 865; x_wconf 85' lang='lat' dir='ltr'>terror</span> <span class='ocrx_word' id='word_1_71' title='bbox 658 819 786 882; x_wconf 84' lang='lat' dir='ltr'><strong>cepit</strong></span> <span class='ocrx_word' id='word_1_72' title='bbox 801 854 815 876; x_wconf 91' lang='lat'>,</span> <span class='ocrx_word' id='word_1_73' title='bbox 837 816 1058 871; x_wconf 80' lang='lat' dir='ltr'>nondum</span> <span class='ocrx_word' id='word_1_74' title='bbox 1081 814 1203 880; x_wconf 86' lang='lat' dir='ltr'>justo</span> <span class='ocrx_word' id='word_1_75' title='bbox 1225 834 1357 883; x_wconf 86' lang='lat' dir='ltr'>prae-</span> 
     </span>
     <span class='ocr_line' id='line_1_12' title="bbox 72 882 1358 952; baseline -0.001 -16"><span class='ocrx_word' id='word_1_76' title='bbox 72 886 141 936; x_wconf 84' lang='lat' dir='ltr'>lio</span> <span class='ocrx_word' id='word_1_77' title='bbox 173 902 281 934; x_wconf 89' lang='lat' dir='ltr'>cum</span> <span class='ocrx_word' id='word_1_78' title='bbox 314 885 549 935; x_wconf 88' lang='lat' dir='ltr'>Romanis</span> <span class='ocrx_word' id='word_1_79' title='bbox 575 882 897 952; x_wconf 86' lang='lat' dir='ltr'>congressum.</span> <span class='ocrx_word' id='word_1_80' title='bbox 926 883 1097 951; x_wconf 89' lang='lat' dir='ltr'>Itaque</span> <span class='ocrx_word' id='word_1_81' title='bbox 1118 899 1358 935; x_wconf 84' lang='lat' dir='ltr'>revocato</span> 
     </span>
     <span class='ocr_line' id='line_1_13' title="bbox 74 951 1359 1021; baseline 0 -18"><span class='ocrx_word' id='word_1_82' title='bbox 74 951 175 1003; x_wconf 86' lang='lat' dir='ltr'>filio</span> <span class='ocrx_word' id='word_1_83' title='bbox 196 991 212 1014; x_wconf 87' lang='lat'>‚</span> <span class='ocrx_word' id='word_1_84' title='bbox 244 952 560 1020; x_wconf 81' lang='lat' dir='ltr'>praesidioque</span> <span class='ocrx_word' id='word_1_85' title='bbox 594 953 730 1020; x_wconf 88' lang='lat' dir='ltr'>quod</span> <span class='ocrx_word' id='word_1_86' title='bbox 759 954 807 1001; x_wconf 90' lang='lat' dir='ltr'>in</span> <span class='ocrx_word' id='word_1_87' title='bbox 831 951 1107 1021; x_wconf 85' lang='lat' dir='ltr'>Pelagoniae</span> <span class='ocrx_word' id='word_1_88' title='bbox 1139 951 1359 1003; x_wconf 83' lang='lat' dir='ltr'>faucibus</span> 
     </span>
     <span class='ocr_line' id='line_1_14' title="bbox 75 1020 1358 1088; baseline -0.001 -17"><span class='ocrx_word' id='word_1_89' title='bbox 75 1036 211 1083; x_wconf 83' lang='lat' dir='ltr'>erat,</span> <span class='ocrx_word' id='word_1_90' title='bbox 234 1036 285 1071; x_wconf 89' lang='lat' dir='ltr'>ut</span> <span class='ocrx_word' id='word_1_91' title='bbox 315 1024 370 1071; x_wconf 84' lang='lat' dir='ltr'>iis</span> <span class='ocrx_word' id='word_1_92' title='bbox 403 1022 555 1088; x_wconf 88' lang='lat' dir='ltr'>copiis</span> <span class='ocrx_word' id='word_1_93' title='bbox 581 1021 683 1070; x_wconf 89' lang='lat' dir='ltr'>suas</span> <span class='ocrx_word' id='word_1_94' title='bbox 713 1035 944 1088; x_wconf 85' lang='lat' dir='ltr'>augeret,</span> <span class='ocrx_word' id='word_1_95' title='bbox 971 1020 1194 1071; x_wconf 85' lang='lat' dir='ltr'>Pleurato</span> <span class='ocrx_word' id='word_1_96' title='bbox 1221 1020 1358 1070; x_wconf 81' lang='lat' dir='ltr'>Dar-</span> 
     </span>
     <span class='ocr_line' id='line_1_15' title="bbox 74 1088 1356 1158; baseline 0.001 -19"><span class='ocrx_word' id='word_1_97' title='bbox 74 1089 303 1158; x_wconf 85' lang='lat' dir='ltr'>danisque</span> <span class='ocrx_word' id='word_1_98' title='bbox 341 1091 430 1139; x_wconf 90' lang='lat' dir='ltr'>iter</span> <span class='ocrx_word' id='word_1_99' title='bbox 482 1092 529 1138; x_wconf 91' lang='lat' dir='ltr'>in</span> <span class='ocrx_word' id='word_1_100' title='bbox 567 1088 916 1139; x_wconf 86' lang='lat' dir='ltr'>Macedoniam</span> <span class='ocrx_word' id='word_1_101' title='bbox 954 1088 1200 1156; x_wconf 86' lang='lat' dir='ltr'>patefecit.</span> <span class='ocrx_word' id='word_1_102' title='bbox 1244 1088 1356 1156; x_wconf 79' lang='lat' dir='ltr'>Ipse</span> 
     </span>
     <span class='ocr_line' id='line_1_16' title="bbox 74 1157 1360 1226; baseline -0.002 -18"><span class='ocrx_word' id='word_1_103' title='bbox 74 1175 188 1209; x_wconf 88' lang='lat' dir='ltr'>cum</span> <span class='ocrx_word' id='word_1_104' title='bbox 231 1158 401 1226; x_wconf 86' lang='lat' dir='ltr'>viginti</span> <span class='ocrx_word' id='word_1_105' title='bbox 437 1157 645 1207; x_wconf 86' lang='lat' dir='ltr'>millibus</span> <span class='ocrx_word' id='word_1_106' title='bbox 682 1157 937 1224; x_wconf 87' lang='lat' dir='ltr'>peditum,</span> <span class='ocrx_word' id='word_1_107' title='bbox 971 1172 1178 1224; x_wconf 89' lang='lat' dir='ltr'>quatuor</span> <span class='ocrx_word' id='word_1_108' title='bbox 1216 1159 1360 1225; x_wconf 87' lang='lat' dir='ltr'>equi-</span> 
     </span>
     <span class='ocr_line' id='line_1_17' title="bbox 74 1223 1358 1294; baseline -0.001 -18"><span class='ocrx_word' id='word_1_109' title='bbox 74 1239 212 1287; x_wconf 86' lang='lat' dir='ltr'>turn,</span> <span class='ocrx_word' id='word_1_110' title='bbox 242 1226 445 1276; x_wconf 87' lang='lat' dir='ltr'>ducibus</span> <span class='ocrx_word' id='word_1_111' title='bbox 474 1225 730 1294; x_wconf 85' lang='lat' dir='ltr'>transfugis</span> <span class='ocrx_word' id='word_1_112' title='bbox 753 1225 816 1275; x_wconf 87' lang='lat' dir='ltr'>ad</span> <span class='ocrx_word' id='word_1_113' title='bbox 855 1223 1043 1276; x_wconf 86' lang='lat' dir='ltr'>hostem</span> <span class='ocrx_word' id='word_1_114' title='bbox 1078 1225 1358 1293; x_wconf 63' lang='lat' dir='ltr'>profecius‚</span> 
     </span>
     <span class='ocr_line' id='line_1_18' title="bbox 77 1292 1358 1362; baseline 0.001 -19"><span class='ocrx_word' id='word_1_115' title='bbox 77 1294 226 1362; x_wconf 69' lang='lat' dir='ltr'>paulo</span> <span class='ocrx_word' id='word_1_116' title='bbox 271 1295 377 1361; x_wconf 88' lang='lat' dir='ltr'>plus</span> <span class='ocrx_word' id='word_1_117' title='bbox 414 1294 652 1344; x_wconf 87' lang='lat' dir='ltr'>ducentos</span> <span class='ocrx_word' id='word_1_118' title='bbox 684 1293 836 1361; x_wconf 81' lang='lat' dir='ltr'>paffus</span> <span class='ocrx_word' id='word_1_119' title='bbox 864 1312 891 1343; x_wconf 91' lang='lat' dir='ltr'>a</span> <span class='ocrx_word' id='word_1_120' title='bbox 929 1292 1085 1343; x_wconf 84' lang='lat' dir='ltr'>castris</span> <span class='ocrx_word' id='word_1_121' title='bbox 1120 1293 1358 1344; x_wconf 83' lang='lat' dir='ltr'>Romanis</span> 
     </span>
     <span class='ocr_line' id='line_1_19' title="bbox 78 1361 1356 1429; baseline 0.001 -17"><span class='ocrx_word' id='word_1_122' title='bbox 78 1362 316 1412; x_wconf 85' lang='lat' dir='ltr'>tumulum</span> <span class='ocrx_word' id='word_1_123' title='bbox 362 1364 687 1429; x_wconf 83' lang='lat' dir='ltr'>propinquum</span> <span class='ocrx_word' id='word_1_124' title='bbox 722 1362 917 1412; x_wconf 83' lang='lat' dir='ltr'>Athaco</span> <span class='ocrx_word' id='word_1_125' title='bbox 955 1361 1084 1411; x_wconf 69' lang='lat' dir='ltr'>fossa</span> <span class='ocrx_word' id='word_1_126' title='bbox 1126 1380 1182 1412; x_wconf 88' lang='lat' dir='ltr'>ac</span> <span class='ocrx_word' id='word_1_127' title='bbox 1220 1362 1356 1413; x_wconf 86' lang='lat' dir='ltr'>vallo</span> 
     </span>
     <span class='ocr_line' id='line_1_20' title="bbox 76 1428 1556 1498; baseline -0.001 -19"><span class='ocrx_word' id='word_1_128' title='bbox 76 1432 398 1479; x_wconf 85' lang='lat' dir='ltr'>communivit</span> <span class='ocrx_word' id='word_1_129' title='bbox 425 1446 436 1478; x_wconf 93' lang='lat'>:</span> <span class='ocrx_word' id='word_1_130' title='bbox 475 1448 530 1480; x_wconf 90' lang='lat' dir='ltr'>ac</span> <span class='ocrx_word' id='word_1_131' title='bbox 563 1428 772 1496; x_wconf 67' lang='lat' dir='ltr'>subje&amp;a</span> <span class='ocrx_word' id='word_1_132' title='bbox 795 1447 995 1481; x_wconf 87' lang='lat' dir='ltr'>cernens</span> <span class='ocrx_word' id='word_1_133' title='bbox 1029 1429 1254 1480; x_wconf 86' lang='lat' dir='ltr'>Romana</span> <span class='ocrx_word' id='word_1_134' title='bbox 1273 1449 1353 1480; x_wconf 86' lang='lat' dir='ltr'>ca·</span> <span class='ocrx_word' id='word_1_135' title='bbox 1396 1438 1556 1498; x_wconf 56' lang='lat' dir='ltr'>Philipa</span> 
     </span>
     <span class='ocr_line' id='line_1_21' title="bbox 76 1496 1560 1566; baseline 0.001 -19"><span class='ocrx_word' id='word_1_136' title='bbox 76 1496 199 1560; x_wconf 83' lang='lat' dir='ltr'>stra,</span> <span class='ocrx_word' id='word_1_137' title='bbox 223 1498 478 1548; x_wconf 85' lang='lat' dir='ltr'>admiratus</span> <span class='ocrx_word' id='word_1_138' title='bbox 509 1497 605 1549; x_wconf 84' lang='lat' dir='ltr'>effe</span> <span class='ocrx_word' id='word_1_139' title='bbox 637 1499 808 1550; x_wconf 88' lang='lat' dir='ltr'>dicitur</span> <span class='ocrx_word' id='word_1_140' title='bbox 831 1536 847 1560; x_wconf 93' lang='lat'>,</span> <span class='ocrx_word' id='word_1_141' title='bbox 874 1499 927 1548; x_wconf 89' lang='lat'>&amp;</span> <span class='ocrx_word' id='word_1_142' title='bbox 949 1498 1220 1549; x_wconf 88' lang='lat' dir='ltr'>universam</span> <span class='ocrx_word' id='word_1_143' title='bbox 1247 1498 1560 1566; x_wconf 78' lang='lat' dir='ltr'>spe-pusmira·</span> 
     </span>
     <span class='ocr_line' id='line_1_22' title="bbox 77 1565 1557 1639; baseline 0.001 -23"><span class='ocrx_word' id='word_1_144' title='bbox 77 1568 205 1616; x_wconf 87' lang='lat' dir='ltr'>ciem</span> <span class='ocrx_word' id='word_1_145' title='bbox 237 1565 496 1616; x_wconf 87' lang='lat' dir='ltr'>castrorum</span> <span class='ocrx_word' id='word_1_146' title='bbox 516 1604 542 1626; x_wconf 92' lang='lat'>‚.</span> <span class='ocrx_word' id='word_1_147' title='bbox 565 1567 618 1617; x_wconf 90' lang='lat'>&amp;</span> <span class='ocrx_word' id='word_1_148' title='bbox 643 1567 880 1634; x_wconf 84' lang='lat' dir='ltr'>descripta</span> <span class='ocrx_word' id='word_1_149' title='bbox 907 1566 996 1616; x_wconf 91' lang='lat' dir='ltr'>suis</span> <span class='ocrx_word' id='word_1_150' title='bbox 1019 1585 1222 1639; x_wconf 87' lang='lat' dir='ltr'>quaeque</span> <span class='ocrx_word' id='word_1_151' title='bbox 1247 1586 1351 1635; x_wconf 82' lang='lat' dir='ltr'>par·</span> <span class='ocrx_word' id='word_1_152' title='bbox 1362 1576 1426 1604; x_wconf 77' lang='lat' dir='ltr'>tur</span> <span class='ocrx_word' id='word_1_153' title='bbox 1471 1565 1557 1607; x_wconf 77' lang='lat' dir='ltr'>Ro·</span> 
     </span>
     <span class='ocr_line' id='line_1_23' title="bbox 79 1634 1503 1696; baseline 0.002 -13"><span class='ocrx_word' id='word_1_154' title='bbox 79 1635 232 1696; x_wconf 85' lang='lat' dir='ltr'>tibus,</span> <span class='ocrx_word' id='word_1_155' title='bbox 261 1650 365 1684; x_wconf 86' lang='lat' dir='ltr'>tum</span> <span class='ocrx_word' id='word_1_156' title='bbox 397 1634 701 1685; x_wconf 87' lang='lat' dir='ltr'>tendentium</span> <span class='ocrx_word' id='word_1_157' title='bbox 750 1636 954 1695; x_wconf 85' lang='lat' dir='ltr'>ordine,</span> <span class='ocrx_word' id='word_1_158' title='bbox 989 1650 1091 1685; x_wconf 86' lang='lat' dir='ltr'>tum</span> <span class='ocrx_word' id='word_1_159' title='bbox 1126 1637 1503 1686; x_wconf 63' lang='lat' dir='ltr'>itinerumma&#39;w·</span> 
     </span>
     <span class='ocr_line' id='line_1_24' title="bbox 77 1701 1556 1771; baseline 0.001 -19"><span class='ocrx_word' id='word_1_160' title='bbox 77 1703 374 1763; x_wconf 86' lang='lat' dir='ltr'>intervallis;</span> <span class='ocrx_word' id='word_1_161' title='bbox 411 1703 464 1753; x_wconf 72' lang='grc' dir='ltr'>ὃ(</span> <span class='ocrx_word' id='word_1_162' title='bbox 502 1719 534 1769; x_wconf 90' lang='lat'>9</span> <span class='ocrx_word' id='word_1_163' title='bbox 562 1701 752 1771; x_wconf 86' lang='lat' dir='ltr'>negasse</span> <span class='ocrx_word' id='word_1_164' title='bbox 784 1703 1098 1753; x_wconf 86' lang='lat' dir='ltr'>barbarorum</span> <span class='ocrx_word' id='word_1_165' title='bbox 1128 1721 1186 1754; x_wconf 84' lang='lat' dir='ltr'>ea</span> <span class='ocrx_word' id='word_1_166' title='bbox 1209 1702 1445 1754; x_wconf 62' lang='lat' dir='ltr'>castrarum</span> <span class='ocrx_word' id='word_1_167' title='bbox 1490 1702 1556 1730; x_wconf 58' lang='grc' dir='ltr'>ω·</span> 
     </span>
     <span class='ocr_line' id='line_1_25' title="bbox 80 1750 1463 1837; baseline 0.001 -16"><span class='ocrx_word' id='word_1_168' title='bbox 80 1771 165 1821; x_wconf 88' lang='lat' dir='ltr'>ulli</span> <span class='ocrx_word' id='word_1_169' title='bbox 193 1771 349 1820; x_wconf 89' lang='lat' dir='ltr'>videri</span> <span class='ocrx_word' id='word_1_170' title='bbox 385 1769 537 1837; x_wconf 84' lang='lat' dir='ltr'>posse.</span> <span class='ocrx_word' id='word_1_171' title='bbox 568 1771 775 1821; x_wconf 87' lang='lat' dir='ltr'>Biduum</span> <span class='ocrx_word' id='word_1_172' title='bbox 804 1772 969 1822; x_wconf 89' lang='lat' dir='ltr'>consul</span> <span class='ocrx_word' id='word_1_173' title='bbox 998 1772 1049 1822; x_wconf 73' lang='grc' dir='ltr'>δι</span> <span class='ocrx_word' id='word_1_174' title='bbox 1079 1789 1164 1822; x_wconf 86' lang='lat' dir='ltr'>rex</span> <span class='ocrx_word' id='word_1_175' title='bbox 1185 1810 1201 1832; x_wconf 90' lang='lat'>‚</span> <span class='ocrx_word' id='word_1_176' title='bbox 1236 1750 1463 1823; x_wconf 62' lang='lat' dir='ltr'>alter-stra·</span> 
     </span>
     <span class='ocr_line' id='line_1_26' title="bbox 82 1839 1356 1906; baseline 0.003 -18"><span class='ocrx_word' id='word_1_177' title='bbox 82 1840 272 1889; x_wconf 84' lang='lat' dir='ltr'>alterius</span> <span class='ocrx_word' id='word_1_178' title='bbox 303 1855 505 1889; x_wconf 86' lang='lat' dir='ltr'>conatus</span> <span class='ocrx_word' id='word_1_179' title='bbox 539 1839 899 1906; x_wconf 59' lang='lat' dir='ltr'>exspeaantes,</span> <span class='ocrx_word' id='word_1_180' title='bbox 932 1841 1217 1891; x_wconf 88' lang='lat' dir='ltr'>continuere</span> <span class='ocrx_word' id='word_1_181' title='bbox 1245 1841 1356 1892; x_wconf 86' lang='lat' dir='ltr'>suos</span> 
     </span>
     <span class='ocr_line' id='line_1_27' title="bbox 80 1907 1361 1978; baseline 0.004 -22"><span class='ocrx_word' id='word_1_182' title='bbox 80 1908 204 1956; x_wconf 86' lang='lat' dir='ltr'>intra</span> <span class='ocrx_word' id='word_1_183' title='bbox 222 1907 402 1957; x_wconf 86' lang='lat' dir='ltr'>vallum</span> <span class='ocrx_word' id='word_1_184' title='bbox 424 1925 435 1955; x_wconf 75' lang='lat' dir='ltr'><em>z</em></span> <span class='ocrx_word' id='word_1_185' title='bbox 456 1909 603 1959; x_wconf 88' lang='lat' dir='ltr'>tertio</span> <span class='ocrx_word' id='word_1_186' title='bbox 624 1908 702 1959; x_wconf 89' lang='lat' dir='ltr'>die</span> <span class='ocrx_word' id='word_1_187' title='bbox 723 1907 976 1959; x_wconf 84' lang='lat' dir='ltr'>Romanus</span> <span class='ocrx_word' id='word_1_188' title='bbox 998 1925 1172 1960; x_wconf 87' lang='lat' dir='ltr'>omnes</span> <span class='ocrx_word' id='word_1_189' title='bbox 1191 1912 1361 1978; x_wconf 82' lang='lat' dir='ltr'>copias</span> 
     </span>
     <span class='ocr_line' id='line_1_28' title="bbox 83 1975 528 2025; baseline 0.002 -1"><span class='ocrx_word' id='word_1_190' title='bbox 83 1975 131 2024; x_wconf 89' lang='lat' dir='ltr'>in</span> <span class='ocrx_word' id='word_1_191' title='bbox 157 1976 309 2023; x_wconf 86' lang='lat' dir='ltr'>aciem</span> <span class='ocrx_word' id='word_1_192' title='bbox 346 1975 528 2025; x_wconf 85' lang='lat' dir='ltr'>eduxit.</span> 
     </span>
    </p>

    <p class='ocr_par' dir='ltr' id='par_1_3' title="bbox 82 2040 1364 2249">
     <span class='ocr_line' id='line_1_29' title="bbox 153 2040 1362 2096; baseline 0.003 -7"><span class='ocrx_word' id='word_1_193' title='bbox 153 2041 371 2092; x_wconf 86' lang='lat' dir='ltr'><strong>XXXV.</strong></span> <span class='ocrx_word' id='word_1_194' title='bbox 388 2043 495 2093; x_wconf 86' lang='lat' dir='ltr'>Rex</span> <span class='ocrx_word' id='word_1_195' title='bbox 507 2044 628 2096; x_wconf 77' lang='lat' dir='ltr'>verb</span> <span class='ocrx_word' id='word_1_196' title='bbox 647 2058 747 2095; x_wconf 88' lang='lat' dir='ltr'>tam</span> <span class='ocrx_word' id='word_1_197' title='bbox 761 2044 968 2095; x_wconf 88' lang='lat' dir='ltr'>celerem</span> <span class='ocrx_word' id='word_1_198' title='bbox 985 2044 1137 2094; x_wconf 89' lang='lat' dir='ltr'>aleam</span> <span class='ocrx_word' id='word_1_199' title='bbox 1152 2040 1362 2094; x_wconf 68' lang='lat' dir='ltr'>univer-st</span> 
     </span>
     <span class='ocr_line' id='line_1_30' title="bbox 83 2111 1364 2180; baseline 0.002 -21"><span class='ocrx_word' id='word_1_200' title='bbox 83 2111 358 2159; x_wconf 82' lang='lat' dir='ltr'>certaminis</span> <span class='ocrx_word' id='word_1_201' title='bbox 389 2113 560 2161; x_wconf 87' lang='lat' dir='ltr'>timens</span> <span class='ocrx_word' id='word_1_202' title='bbox 578 2151 592 2173; x_wconf 90' lang='lat'>‚</span> <span class='ocrx_word' id='word_1_203' title='bbox 620 2114 998 2180; x_wconf 85' lang='lat' dir='ltr'>quadringentos</span> <span class='ocrx_word' id='word_1_204' title='bbox 1029 2111 1220 2162; x_wconf 81' lang='lat' dir='ltr'>Tralles</span> <span class='ocrx_word' id='word_1_205' title='bbox 1254 2111 1364 2178; x_wconf 90' lang='lat' dir='ltr'>(Il-</span> 
     </span>
     <span class='ocr_line' id='line_1_31' title="bbox 82 2177 1363 2249; baseline 0.001 -20"><span class='ocrx_word' id='word_1_206' title='bbox 82 2177 324 2247; x_wconf 88' lang='lat' dir='ltr'>lyriorum</span> <span class='ocrx_word' id='word_1_207' title='bbox 357 2179 404 2228; x_wconf 91' lang='lat' dir='ltr'>id</span> <span class='ocrx_word' id='word_1_208' title='bbox 424 2217 441 2241; x_wconf 88' lang='lat'><strong>,</strong></span> <span class='ocrx_word' id='word_1_209' title='bbox 471 2178 586 2229; x_wconf 85' lang='lat' dir='ltr'>ficut</span> <span class='ocrx_word' id='word_1_210' title='bbox 617 2181 715 2232; x_wconf 89' lang='lat' dir='ltr'>alio</span> <span class='ocrx_word' id='word_1_211' title='bbox 751 2182 957 2231; x_wconf 85' lang='lat' dir='ltr'>diximus</span> <span class='ocrx_word' id='word_1_212' title='bbox 988 2181 1102 2232; x_wconf 89' lang='lat' dir='ltr'>loco</span> <span class='ocrx_word' id='word_1_213' title='bbox 1123 2216 1140 2242; x_wconf 90' lang='lat'>‚</span> <span class='ocrx_word' id='word_1_214' title='bbox 1173 2179 1240 2231; x_wconf 90' lang='lat' dir='ltr'>est</span> <span class='ocrx_word' id='word_1_215' title='bbox 1276 2196 1363 2249; x_wconf 85' lang='lat' dir='ltr'>ge-</span> 
     </span>
    </p>
   </div>
   <div class='ocr_carea' id='block_1_3' title="bbox 86 2288 1367 2586">
    <p class='ocr_par' dir='ltr' id='par_1_4' title="bbox 86 2288 1367 2586">
     <span class='ocr_line' id='line_1_32' title="bbox 150 2288 1364 2351; baseline 0.002 -20"><span class='ocrx_word' id='word_1_216' title='bbox 150 2289 175 2331; x_wconf 86' lang='lat'><strong>8</strong></span> <span class='ocrx_word' id='word_1_217' title='bbox 208 2289 344 2343; x_wconf 80' lang='lat' dir='ltr'>Hastis</span> <span class='ocrx_word' id='word_1_218' title='bbox 367 2288 599 2347; x_wconf 62' lang='lat' dir='ltr'>sagittisque</span> <span class='ocrx_word' id='word_1_219' title='bbox 620 2319 632 2339; x_wconf 89' lang='lat'>,</span> <span class='ocrx_word' id='word_1_220' title='bbox 653 2292 691 2333; x_wconf 72' lang='grc' dir='ltr'>ὃ·</span> <span class='ocrx_word' id='word_1_221' title='bbox 754 2293 851 2336; x_wconf 86' lang='lat' dir='ltr'>Hoc</span> <span class='ocrx_word' id='word_1_222' title='bbox 876 2293 980 2336; x_wconf 86' lang='lat' dir='ltr'>idem</span> <span class='ocrx_word' id='word_1_223' title='bbox 999 2309 1020 2335; x_wconf 84' lang='lat' dir='ltr'>a</span> <span class='ocrx_word' id='word_1_224' title='bbox 1036 2293 1193 2351; x_wconf 86' lang='lat' dir='ltr'>Pyrrho</span> <span class='ocrx_word' id='word_1_225' title='bbox 1214 2293 1364 2335; x_wconf 59' lang='lat' dir='ltr'>dietum</span> 
     </span>
     <span class='ocr_line' id='line_1_33' title="bbox 86 2351 1364 2411; baseline 0.004 -20"><span class='ocrx_word' id='word_1_226' title='bbox 86 2364 178 2396; x_wconf 82' lang='lat' dir='ltr'>rara</span> <span class='ocrx_word' id='word_1_227' title='bbox 198 2351 361 2393; x_wconf 84' lang='lat' dir='ltr'>lanceis.</span> <span class='ocrx_word' id='word_1_228' title='bbox 383 2355 398 2403; x_wconf 75' lang='grc' dir='ltr'>ἰ</span> <span class='ocrx_word' id='word_1_229' title='bbox 423 2354 530 2394; x_wconf 81' lang='lat' dir='ltr'>Hinc</span> <span class='ocrx_word' id='word_1_230' title='bbox 556 2354 693 2409; x_wconf 81' lang='lat' dir='ltr'>colligi</span> <span class='ocrx_word' id='word_1_231' title='bbox 755 2366 979 2396; x_wconf 85' lang='lat' dir='ltr'>memorant</span> <span class='ocrx_word' id='word_1_232' title='bbox 1011 2384 1024 2404; x_wconf 90' lang='lat'>‚</span> <span class='ocrx_word' id='word_1_233' title='bbox 1069 2371 1149 2411; x_wconf 89' lang='lat' dir='ltr'>quo</span> <span class='ocrx_word' id='word_1_234' title='bbox 1194 2354 1364 2408; x_wconf 69' lang='lat' dir='ltr'>primum</span> 
     </span>
     <span class='ocr_line' id='line_1_34' title="bbox 89 2412 1366 2472; baseline 0.004 -20"><span class='ocrx_word' id='word_1_235' title='bbox 89 2412 213 2453; x_wconf 83' lang='lat' dir='ltr'>debet</span> <span class='ocrx_word' id='word_1_236' title='bbox 247 2414 423 2463; x_wconf 61' lang='lat' dir='ltr'>lanceam</span> <span class='ocrx_word' id='word_1_237' title='bbox 460 2416 617 2472; x_wconf 79' lang='lat' dir='ltr'>longius</span> <span class='ocrx_word' id='word_1_238' title='bbox 651 2417 694 2456; x_wconf 91' lang='lat'>&amp;</span> <span class='ocrx_word' id='word_1_239' title='bbox 757 2417 821 2458; x_wconf 82' lang='lat' dir='ltr'>die</span> <span class='ocrx_word' id='word_1_240' title='bbox 841 2417 1113 2458; x_wconf 87' lang='lat' dir='ltr'>Romanorum</span> <span class='ocrx_word' id='word_1_241' title='bbox 1138 2417 1366 2457; x_wconf 81' lang='lat' dir='ltr'>Castrorum</span> 
     </span>
     <span class='ocr_line' id='line_1_35' title="bbox 89 2475 1367 2532; baseline 0.001 -17"><span class='ocrx_word' id='word_1_242' title='bbox 89 2475 260 2516; x_wconf 79' lang='lat' dir='ltr'>validius</span> <span class='ocrx_word' id='word_1_243' title='bbox 280 2476 390 2518; x_wconf 82' lang='lat' dir='ltr'>fuiffe</span> <span class='ocrx_word' id='word_1_244' title='bbox 411 2478 560 2528; x_wconf 86' lang='lat' dir='ltr'>telum,</span> <span class='ocrx_word' id='word_1_245' title='bbox 579 2478 694 2532; x_wconf 70' lang='lat' dir='ltr'>quam</span> <span class='ocrx_word' id='word_1_246' title='bbox 756 2479 940 2520; x_wconf 88' lang='lat' dir='ltr'>ordinem</span> <span class='ocrx_word' id='word_1_247' title='bbox 967 2480 1093 2519; x_wconf 83' lang='lat' dir='ltr'>vidit:</span> <span class='ocrx_word' id='word_1_248' title='bbox 1122 2478 1202 2518; x_wconf 79' lang='lat' dir='ltr'>Hic</span> <span class='ocrx_word' id='word_1_249' title='bbox 1226 2477 1367 2517; x_wconf 80' lang='lat' dir='ltr'>barba-</span> 
     </span>
     <span class='ocr_line' id='line_1_36' title="bbox 88 2534 1366 2586; baseline 0.002 -11"><span class='ocrx_word' id='word_1_250' title='bbox 88 2534 248 2586; x_wconf 78' lang='lat' dir='ltr'>bastam.</span> <span class='ocrx_word' id='word_1_251' title='bbox 758 2555 886 2581; x_wconf 83' lang='lat' dir='ltr'>rorum</span> <span class='ocrx_word' id='word_1_252' title='bbox 916 2542 1013 2581; x_wconf 81' lang='lat' dir='ltr'>ordo</span> <span class='ocrx_word' id='word_1_253' title='bbox 1039 2538 1190 2579; x_wconf 68' lang='lat' dir='ltr'>minime}</span> <span class='ocrx_word' id='word_1_254' title='bbox 1223 2538 1366 2578; x_wconf 79' lang='lat' dir='ltr'>barba-</span> 
     </span>
    </p>
   </div>
   <div class='ocr_carea' id='block_1_4' title="bbox 91 2596 1362 2788">
    <p class='ocr_par' dir='ltr' id='par_1_5' title="bbox 91 2596 1362 2788">
     <span class='ocr_line' id='line_1_37' title="bbox 152 2596 1362 2659; baseline 0.008 -24"><span class='ocrx_word' id='word_1_255' title='bbox 152 2608 178 2647; x_wconf 93' lang='lat'>9</span> <span class='ocrx_word' id='word_1_256' title='bbox 198 2596 362 2653; x_wconf 79' lang='lat' dir='ltr'>Negaffe</span> <span class='ocrx_word' id='word_1_257' title='bbox 379 2596 626 2640; x_wconf 77' lang='lat' dir='ltr'>barbarorum</span> <span class='ocrx_word' id='word_1_258' title='bbox 649 2614 695 2640; x_wconf 79' lang='lat' dir='ltr'>ea</span> <span class='ocrx_word' id='word_1_259' title='bbox 757 2616 824 2646; x_wconf 80' lang='lat' dir='ltr'>rus</span> <span class='ocrx_word' id='word_1_260' title='bbox 858 2601 926 2654; x_wconf 81' lang='lat' dir='ltr'>est.</span> <span class='ocrx_word' id='word_1_261' title='bbox 968 2601 1078 2643; x_wconf 86' lang='lat' dir='ltr'>Plut.</span> <span class='ocrx_word' id='word_1_262' title='bbox 1117 2601 1157 2642; x_wconf 86' lang='lat' dir='ltr'>in</span> <span class='ocrx_word' id='word_1_263' title='bbox 1189 2601 1362 2659; x_wconf 79' lang='lat' dir='ltr'>Pyrrho·</span> 
     </span>
     <span class='ocr_line' id='line_1_38' title="bbox 91 2657 1088 2772; baseline 0.005 -73"><span class='ocrx_word' id='word_1_264' title='bbox 91 2657 216 2710; x_wconf 80' lang='lat' dir='ltr'>castra</span> <span class='ocrx_word' id='word_1_265' title='bbox 258 2659 333 2701; x_wconf 74' lang='lat' dir='ltr'>ulli</span> <span class='ocrx_word' id='word_1_266' title='bbox 376 2660 500 2703; x_wconf 73' lang='lat' dir='ltr'>viden·</span> <span class='ocrx_word' id='word_1_267' title='bbox 525 2659 693 2719; x_wconf 77' lang='lat' dir='ltr'>poffe.]</span> <span class='ocrx_word' id='word_1_268' title='bbox 997 2718 1088 2772; x_wconf 42' lang='lat' dir='ltr'>C..</span> 
     </span>
     <span class='ocr_line' id='line_1_39' title="bbox 1059 2738 1090 2788; baseline 0 0"><span class='ocrx_word' id='word_1_269' title='bbox 1059 2738 1090 2788; x_wconf 74' lang='lat'>¹1</span> 
     </span>
    </p>
   </div>
  </div>
 </body>
</html>
