1680 3052
283 125 331 184 L
375 92 397 182 i
443 139 478 180 B
528 138 562 180 E
606 139 643 180 a
729 121 1072 182 xxxii.
1207 140 1311 180 121

39 207 88 259 In
111 205 271 256 hostes
301 205 368 255 est
399 204 563 253 fastus.
599 202 714 250 Non
746 201 955 250 tulerunt
977 201 1194 250 Insubres
1216 206 1312 269 pri·
1330 217 1522 270 U,c,555;

40 292 173 325 mum
194 272 477 323 concursum
501 288 511 320 :
543 270 737 337 quidam
761 271 813 318 ὃς
845 288 872 318 a
900 267 1197 317 Cenomanis
1218 285 1316 318 ter·
1332 273 1525 327 ‹as-3197,

44 360 102 410 ga
137 343 335 408 repente
368 343 415 389 in
457 338 557 404 ipso
592 339 853 386 certamine
880 334 1103 402 aggreffis
1135 338 1320 385 tumui-

42 427 144 459 turn
179 411 438 475 ancipitem
466 405 691 470 injeeium
714 403 930 453 austeres
951 402 1086 460 sunt,
1106 403 1320 469 caesaque

42 479 93 526 in
137 476 299 526 medio
336 478 545 540 quinque
580 473 633 522 &
672 474 863 539 triginta
900 470 1046 519 millia
1084 468 1321 531 hostium,

43 545 253 611 quinque
282 543 425 591 millia
459 543 508 590 ὃ(
532 541 863 606 septingentos
884 541 1026 587 vivos
1049 552 1248 604 captos3
1270 541 1322 588 in

45 614 100 661 i-is
134 611 162 660 8
195 611 490 659 Amilcarem
539 608 800 657 Poenorum
835 609 1211 671 imperatorem,
1242 607 1327 673 qui

43 678 158 728 belli
195 673 332 727 causa
363 675 514 725 fuisset
540 694 551 723 :
585 675 715 741 signa
745 675 967 723 militaria
1003 687 1200 722 centum
1230 675 1325 722 tri-

44 748 208 814 ginta,
253 745 306 793 &
347 760 574 810 carpenta
611 741 747 808 supra
788 742 1007 791 ducenta.
1051 757 1080 805 9
1119 739 1324 807 Oppida.

46 832 150 878 quae
184 811 506 862 defesiionem
548 810 706 861 secuta
749 825 919 871 erant,
954 808 1243 859 dediderunt
1273 808 1328 860 se

46 878 299 930 Romanis,

109 947 295 997 XXXI.
324 946 567 996 Minucius
599 944 763 996 consul
785 943 941 1011 primb
978 941 1131 993 effusis
1162 957 1327 1012 popu-⁴

47 1013 304 1064 lationibus
326 1029 666 1082 peragraverat
689 1012 810 1062 fines
828 1012 1062 1062 Boiorum
1083 1030 1093 1061 z
1115 1013 1329 1075 deinde‚'

46 1099 99 1132 ut
131 1084 301 1134 relifitis
331 1083 604 1132 Insubribus
624 1082 685 1130 ad
722 1080 801 1130 sua
830 1080 1007 1129 tuenda
1037 1096 1326 1147 receperant

46 1149 177 1211 sese,
208 1151 364 1200 castris
397 1151 442 1200 se
482 1151 671 1210 tenuit,
713 1149 815 1197 acie
854 1147 1182 1198 dimicandum
1211 1167 1326 1200 cum

47 1217 184 1268 hoste
221 1235 365 1268 ratus.
400 1217 506 1267 Nec
552 1218 660 1267 Boii
701 1213 1033 1265 detrec‘tassent
1076 1233 1287 1283 pugnam
1307 1233 1330 1280 ,·

45 1284 135 1334 nisi
158 1286 284 1335 fama
315 1285 467 1335 viftos
489 1284 706 1334 Insubres
727 1284 866 1332 allata
883 1285 1070 1332 animos
1098 1283 1331 1351 fregisset.

49 1351 219 1420 Itaque
251 1354 412 1404 relic‘io
440 1354 562 1402 duce
593 1351 841 1417 castrisque
860 1389 875 1410 ,
900 1349 1103 1417 diffipati
1142 1370 1227 1417 per
1250 1355 1329 1401 vi·

48 1438 134 1469 cos
153 1459 168 1480 ‚
203 1421 278 1470 sua
313 1438 363 1469 ut
387 1421 580 1487 quisque
605 1419 952 1478 defenderent,
978 1421 1218 1474 rationem
1240 1432 1329 1487 ge*

47 1489 183 1537 rendi
214 1489 327 1537 belli
351 1488 469 1538 hosti
500 1502 742 1537 mutarunt
763 1504 777 1547 ;
796 1486 969 1536 omissa
989 1489 1117 1536 enim
1138 1488 1219 1553 spe
1235 1505 1326 1554 per

47 1573 190 1604 unam
213 1556 573 1606 dimicationem
595 1558 663 1606 rei
692 1555 1037 1616 decernendae,
1058 1556 1207 1604 rursus
1233 1574 1328 1622 po-

48 1624 197 1689 pulari
214 1642 353 1690 agros
371 1663 386 1683 ,
407 1625 613 1674 &urere
635 1623 755 1673 tesia
771 1660 787 1681 ,
801 1623 1031 1689 vicosque
1049 1640 1328 1690 expugnare

51 1694 214 1756 coepit.
249 1691 334 1741 Per
368 1691 565 1741 eosdem
597 1693 697 1741 dies
741 1689 1022 1740 Clastidium
1055 1691 1329 1741 incensum.'

48 1756 170 1808 Inde
194 1761 238 1807 in
274 1758 542 1826 Ligustinos
574 1757 752 1811 Ilvates
775 1797 790 1819 ‚
826 1760 907 1825 qui
936 1758 1019 1807 soli
1045 1777 1145 1807 non
1178 1776 1322 1826 pare·-

68 1858 69 1861 ’
112 1848 137 1890 8
170 1849 408 1890 Amilcar-em
448 1848 655 1891 Poenorum
716 1850 886 1892 sobrium
915 1850 1129 1892 defeffioni
1149 1851 1231 1892 sese
1255 1850 1324 1892 ad·

51 1908 352 1964 &perator-amq
368 1912 486 1951 Hunc
503 1913 541 1951 in
555 1926 654 1965 prae·
715 1911 944 1965 junxerant.
965 1913 1192 1966 Utrumque
1220 1926 1329 1953 con-

51 1970 108 2012 lio
135 1971 183 2010 ad
205 1972 444 2013 Cremonam
471 1972 654 2013 cecidisse
716 1972 788 2012 stat
808 1988 858 2014 ex
885 1974 931 2013 iis
962 1989 1047 2027 quae
1072 1974 1329 2028 praecedunt.

51 2031 260 2072 affirmavit
291 2033 402 2088 supra
435 2034 600 2079 Livius,
624 2035 653 2074 l.
717 2034 847 2089 Igitur
880 2034 931 2075 sic
964 2036 1229 2088 exponendus
1267 2034 1326 2076 est

52 2093 196 2137 XXXI
211 2126 222 2144 ,
239 2109 274 2134 c.
296 2107 366 2134 21.
380 2095 492 2135 Alios
509 2109 653 2148 nempe

51 2164 146 2194 tunc
169 2156 350 2196 auftores
369 2156 524 2196 secutus
542 2167 651 2201 erat,

51 2217 167 2270 quam
187 2231 354 2268 quorum
373 2216 454 2264 hic,
478 2218 518 2258 &
537 2218 654 2263 infra,

50 2277 82 2318 l.
100 2277 312 2324 XXXIII,
333 2293 369 2318 c.
391 2289 475 2330 23,
491 2278 657 2332 exponit

53 2338 245 2379 diversam
277 2339 394 2392 plane
431 2340 480 2379 de
512 2340 657 2381 eodem

55 2399 256 2440 Amilcare
279 2400 564 2443 narrationem.

68 2485 76 2501 .·
118 2471 143 2511 9
175 2460 333 2516 Oppida
359 2477 437 2516 quae
473 2461 659 2516 defessio-

56 2534 139 2560 nem
150 2517 285 2574 secuta
301 2524 454 2568 erana]
474 2524 657 2564 Insubres

55 2583 285 2622 rebellionis
311 2584 510 2638 principes
530 2585 570 2625 ὅ(
591 2585 662 2625 du·

55 2656 124 2685 ces
143 2643 300 2684 fuerant
320 2659 331 2684 ι
355 2644 579 2686 Cenomani
597 2645 661 2687 In·

198 2705 324 2754 Tom.
367 2708 424 2755 V.

715 2095 780 2135 hic
808 2097 921 2136 locus
959 2110 971 2139 :
1005 2096 1165 2152 Oppida
1187 2095 1326 2138 Ceno·

716 2171 923 2197 manorum
943 2185 953 2204 ,
972 2156 1323 2212 quae·defec‘lionenz

717 2218 936 2259 Insubrium
949 2217 1087 2272 secuta
1102 2231 1215 2259 erant
1227 2247 1239 2267 ,
1255 2220 1326 2260 de-

718 2279 899 2319 diderunt
921 2277 981 2334 se.
1009 2280 1060 2320 Et
1087 2279 1187 2321 vero
1215 2293 1325 2321 anno

718 2340 909 2394 sequente
932 2342 1062 2382 rursus
1085 2343 1234 2381 bellum
1256 2356 1328 2396 ge-

719 2401 819 2442 ritur
849 2417 937 2442 cum
965 2403 1190 2443 Insubribus
1209 2431 1220 2450 ,
1243 2417 1327 2443 non

720 2462 884 2515 amplius
935 2479 1024 2505 cum
1063 2463 1329 2506 Cenomanis.

721 2523 819 2627 νόω.
849 2525 950 2580 insti
976 2527 1004 2568 1.
1034 2524 1253 2571 xxxin,
1286 2537 1332 2577 c.

724 2596 744 2640 3
787 2613 799 2628 ι

1020 2702 1064 2760 F
