1680 3052
285 68 661 178 LtlssER
743 115 1038 177 XXXI.
1227 130 1309 198 73‘

13 201 201 254 sentem
248 211 508 258 creatam,
554 212 587 263 9
623 197 732 263 quia
766 197 946 247 flamen
981 197 1137 248 Dialis
1171 214 1511 267 erat‚U,c‘553.·

19 268 175 338 jurare
207 269 255 318 in
280 268 414 335 leges
457 283 558 315 non
595 279 789 331 poterat
817 281 834 313 t
862 264 1187 332 magistratum
1220 288 1304 318 au·
1319 271 1510 322 a.C.199·

19 353 122 389 tem
151 337 256 406 plus
293 337 507 403 quinque
535 334 636 382 dies
658 370 675 391 ,
703 331 788 381 nisi
820 333 902 399 qui
933 330 1124 397 jurasset
1153 336 1201 383 in
1223 337 1305 385 le·
1342 343 1347 348 '

23 425 107 477 ges
126 444 141 467 ,
166 424 264 455 non
292 405 468 454 licebat
489 417 689 470 gerere.
727 399 931 450 Petente
950 399 1129 451 Flacco
1162 417 1213 451 ut
1231 404 1306 454 le·

22 477 164 542 gibus
195 473 459 523 solveretur
481 506 497 528 ‚
530 470 720 520 senatus
749 469 969 519 decrevit
1003 483 1089 530 ut,
1127 467 1161 518 fi
1190 471 1308 521 aedi-
1338 481 1340 484 ’

21 544 115 604 lis,
148 543 227 609 qui
261 558 351 606 pro
391 539 438 589 se
477 536 658 602 juraret
685 574 701 599 ,
747 538 978 587 arbitratu
1017 536 1306 601 consulum,

22 611 191 671 daret,
210 606 429 657 consules
449 644 465 668 ,
489 598 534 654 ‘fi
569 608 638 656 eis
657 604 905 656 videretur
923 643 940 666 ,
964 622 1074 654 cum
1103 606 1307 656 tribunis

20 678 174 745 plebis
212 689 445 743 agerent,
479 675 547 724 uti
578 674 641 724 ad
675 674 872 740 plebem
904 672 1104 724 ferrent.
1143 673 1305 725 Datus

21 742 309 813 qui''juraret
330 762 422 810 pro
445 740 589 792 fratre
610 742 667 791 L.
684 741 910 792 Valerius
928 741 1127 795 Flaccus
1145 779 1161 805 ‚
1179 761 1308 809 prae-,

20 827 101 862 tor
136 811 404 880 designatus
441 827 454 859 t
487 811 665 860 tribuni
713 810 775 859 ad
819 810 1018 876 plebem
1055 811 1267 861 tulerunt
1283 826 1306 873 ,·

15 879 284 956 plebesque
337 879 473 930 scivit
496 917 512 940 ‚
546 893 598 927 ut
636 878 838 945 perinde
875 877 991 928 effet
1026 896 1083 927 ac
1129 878 1163 927 si
1201 879 1307 947 ipse

20 947 171 998 aedilis
202 946 408 1014 Jurass'et.
441 945 502 996 Et
540 947 603 997 de
635 946 793 1012 altero
827 946 966 997 aedile
993 945 1157 996 scitum
1193 949 1310 1015 ple·-

19 1014 94 1066 bis
124 1015 192 1065 est
224 1015 428 1080 fafilum„
450 1015 734 1082 rogantibus
760 1015 994 1077 tribunis,
1022 1032 1146 1082 quos
1180 1016 1307 1068 duos

18 1084 70 1134 in
122 1083 404 1151 Hispaniam
448 1101 561 1133 cum
607 1084 815 1149 imperio
855 1084 916 1133 ad
957 1087 1195 1135 exercitus
1232 1086 1307 1143 ire

19 1150 276 1219 juberent,
309 1166 361 1200 ut
380 1149 445 1201 C.
471 1150 731 1201 Cornelius
755 1151 902 1200 aedilis
926 1152 1097 1201 curulis
1125 1154 1184 1202 ad
1204 1171 1312 1204 ma-

21 1219 265 1288 gistratum
313 1219 583 1287 gerendum
632 1220 860 1280 veniret,
896 1219 949 1268 &
992 1219 1050 1270 L.
1091 1221 1310 1272 Manlius

22 1288 259 1338 Acidinus
298 1287 560 1352 decederet
595 1286 658 1337 de
692 1288 947 1353 provincia
983 1288 1163 1338 multos
1188 1288 1311 1357 -post

10 1355 178 1407 'annos
212 1374 225 1406 z
263 1356 401 1422 plebs
438 1353 536 1405 Cn.
583 1353 821 1406 Cornelio
858 1355 1102 1419 Lentulo,
1147 1358 1200 1408 &
1251 1359 1313 1410 L.

22 1421 651 1541 Stertinoioffproconsulibus
684 1425 946 1493 imperium
978 1423 1073 1476 effe
1105 1426 1155 1476 in
1194 1425 1318 1487 His-2

20 1509 168 1561 pama
195 1510 247 1558 χιι
285 1506 343 1543 lt.
1071 1513 1075 1516 ·

84 1628 112 1670 9
151 1605 259 1677 Quia
296 1617 447 1673 flamen
484 1618 631 1662 Dialis
688 1635 867 1679 poterat.
898 1619 919 1674 ]
962 1621 1107 1668 Jurare
1144 1621 1311 1669 Dialem

22 1692 110 1731 etat
133 1705 146 1729 ‚
178 1679 317 1736 jurare
343 1681 384 1724 in
415 1681 519 1743 leges
549 1697 631 1726 non
694 1684 756 1730 fas
787 1699 991 1742 nunquam
1009 1679 1126 1745 erat.¹

364 2042 979 2343 weg&

166 2713 296 2766 Tom-
331 2715 393 2765 V.
988 2708 1047 2766 D
