1680 3052
292 118 651 184 LIBER
740 121 1050 181 XXXV.
1209 141 1316 202 343

38 203 291 271 ¹Purpureo
324 199 500 272 praetor
523 203 717 255 Gallico
744 203 877 253 bello
905 221 1050 253 unam
1070 240 1084 263 ‚
1124 204 1528 274 alteramU‚c,560‚

49 273 249 332 consul;
281 274 523 336 dedicavit
563 272 633 339 Q.
674 272 883 321 Marcius
914 271 1050 320 Ralla
1083 272 1524 329 duumvir.a-C.192.

49 339 230 390 Judicia
278 342 323 389 in
356 340 674 390 foeneratores
713 358 775 390 eo
811 358 938 389 anno
972 340 1120 387 multa
1156 339 1319 389 severe
1347 358 1525 399 Foencra-

46 406 149 457 sunt
188 407 334 469 facia,
366 409 691 457 accusantibus
728 410 940 476 privatos
977 407 1194 456 aedilihus
1233 426 1436 462 cu—tores

45 476 220 525 rulibus
243 514 257 536 ‚
300 476 374 525 M.
404 476 592 526 Tuccio
613 515 627 538 ‚
670 478 720 526 ὅ(
762 475 814 524 Ρ.
850 476 995 526 Junio
1032 475 1224 534 Brut03
1256 476 1318 526 de
1334 480 1525 524 damnati.

43 543 217 593 mulcia
249 544 586 594 damnatorum
617 545 856 612 quadrigae
892 546 1118 593 inauratae
1145 545 1192 591 in
1219 541 1320 593 Ca-

43 611 214 679 pitolio
247 613 411 679 positae
450 615 498 661 in
530 613 650 662 cella
680 613 816 662 Jovis
852 629 872 660 1
910 612 1047 678 supra
1079 611 1320 678 fastigium

43 679 253 728 aediculae
284 718 300 740 ‚
338 682 391 730 &
442 680 704 730 duodecim
755 682 934 748 clypea
965 684 1178 729 inaurata
1212 696 1225 728 ε
1259 682 1315 729 &

39 747 185 796 iidem
209 752 447 814 porticum
471 759 601 798 extra
624 764 815 816 portam
837 748 1170 816 Trigeminam
1195 764 1223 797 2
1242 750 1320 798 in-

40 828 114 865 ter
144 817 369 882 lignarios
402 817 638 868 fecerunt.

106 882 256 933 XLII.
295 884 495 935 Intentis
521 888 567 933 in
595 900 875 951 apparatum
909 885 1028 934 novi
1064 883 1180 934 belli
1208 883 1320 934 Ro-

40 954 192 1001 manis
213 990 227 1012 ‚
258 970 317 1002 ne
339 956 397 1002 ab
420 955 667 1003 Antiocho
681 954 876 1020 quidem
896 953 1173 1004 cessabatur.
1189 953 1318 1002 Tres

40 1034 151 1069 eum
177 1023 395 1072 civitates
428 1023 659 1072 tenebant
680 1060 694 1083 ‚
734 1021 943 1088 Smyrna
963 1061 978 1083 ‚
1017 1022 1070 1070 &
1096 1022 1319 1070 Alexan-

39 1086 141 1137 dria
172 1087 364 1150 Troas,
403 1092 454 1139 ὃ(
494 1090 778 1156 Lampsacus
800 1128 815 1148 ,
837 1108 953 1156 quas
984 1107 1142 1156 neque
1167 1092 1214 1139 vi
1239 1107 1318 1138 ex·
1390 1118 1397 1126 ·

38 1173 254 1223 pugnare
288 1160 347 1207 ad
377 1175 483 1208 eam
515 1159 643 1207 diem
683 1173 703 1223 3
742 1173 969 1223 poterat,
999 1175 1156 1224 neque
1189 1176 1315 1206 con-

39 1223 297 1274 ditionibus
329 1229 375 1274 in
400 1228 655 1275 amicitiam
685 1228 919 1293 perlicere
940 1263 953 1283 ‚
981 1242 1138 1291 neque
1171 1244 1197 1274 a
1217 1242 1316 1274 ter-

41 1307 105 1357 go
140 1295 409 1360 relinquere
439 1291 677 1359 trajiciens
709 1293 804 1359 ipse
846 1295 894 1342 in
936 1293 1181 1358 Europam
1216 1311 1316 1342 vo·

35 1359 183 1410 lebat.
213 1359 394 1411 Tenuit
424 1378 533 1410 eum
566 1363 616 1410 &
648 1361 706 1412 de
732 1361 973 1410 Annibale
1010 1361 1312 1410 deliberatio·
1333 1362 1520 1404 f'ntt'ocln'

36 1423 101 1474 Et
130 1429 288 1493 primo
323 1445 469 1478 naves
501 1445 679 1495 apert-ae
700 1467 714 1489 ‚
745 1446 859 1495 quas
902 1446 1012 1477 cum
1049 1446 1110 1478 eo
1146 1427 1309 1477 missu-
1324 1428 1370 1466 ‘2'2
1388 1426 1520 1465 Anni-

35 1510 114 1551 rus
157 1497 206 1544 in
250 1495 463 1546 Africam
497 1496 684 1556 fuerat,
718 1512 917 1546 moratae
947 1496 1051 1545 sunt
1081 1515 1091 1545 z
1133 1488 1412 1558 deindeblee
1454 1488 1520 1555 df·

35 1578 95 1611 an
136 1567 340 1614 omnino
376 1566 638 1615 mittendus
673 1564 818 1624 effer,
857 1564 1140 1614 consultatio
1178 1550 1513 1615 motahhmm⁰

37 1628 134 1690 est,
170 1634 423 1683 maximea
444 1632 670 1682 Thoante
692 1634 859 1683 AEtolo
876 1671 891 1691 .,
915 1635 995 1699 qui
1017 1633 1241 1683 omnibus
1264 1636 1315 1684 in

38 1696 225 1759 Graecia
260 1702 463 1751 tumultu
504 1702 758 1767 completis
780 1739 793 1760 ‚
833 1700 1205 1751 Demetriadem
1241 1701 1317 1750 af-

33 1764 220 1816 ferebat
241 1770 288 1818 in
325 1768 563 1836 potestate
602 1768 695 1819 effe
728 1789 738 1818 ε
776 1770 826 1818 &
854 1772 1023 1834 quibus
1055 1770 1317 1818 mendaciis

36 1833 97 1884 de
145 1852 257 1903 rege
288 1875 304 1897 ‚
356 1838 723 1904 multiplicando
763 1839 924 1886 verbis
969 1840 1133 1903 copias
1171 1836 1273 1900 ejus
1297 1877 1314 1899 ,

36 1918 253 1952 erexerat
284 1907 541 1955 multorum
581 1909 629 1954 in
662 1904 851 1955 Graecia
884 1907 1106 1965 animOS,
1145 1906 1316 1955 iisdem

40 1970 93 2017 &
125 1973 253 2038 regis
286 1972 418 2039 spem
439 1975 635 2023 inflabat
673 1992 682 2020 :
722 1976 936 2024 Omnium
956 1977 1074 2023 votis
1113 1992 1210 2023 eum
1249 1993 1319 2022 ar·

35 2039 169 2102 ceffi,·
193 2043 447 2105 concursum
479 2046 543 2091 ad
573 2045 729 2091 littora
762 2043 965 2105 futurum
988 2080 1002 2102 ‚
1041 2046 1158 2091 unde
1189 2043 1317 2106 clas-
1344 2088 1347 2090 .

24 2106 117 2172 sem
138 2111 302 2173 regiam
332 2110 674 2176 prospexzffint.
696 2110 789 2158 Hic
815 2111 944 2160 idem
969 2110 1103 2160 ausus
1134 2112 1194 2159 de
1217 2113 1317 2159 An·

33 2174 192 2225 nibale
228 2175 294 2225 est
324 2196 525 2227 movere
555 2178 839 2228 sententiam
882 2196 1036 2245 prope
1074 2177 1172 2245 jam
1209 2196 1316 2227 cer-

103 2308 120 2336 1
144 2295 271 2350 Supra
285 2294 483 2352 fastigium
500 2298 640 2338 aedicu-
706 2297 796 2337 diffi
816 2314 835 2338 a
858 2298 1035 2353 lignariis
1065 2297 1274 2351 opificibus
1300 2312 1312 2339 :

38 2357 100 2397 [ιε.
121 2357 138 2410 ]
165 2357 358 2396 AEdicula
391 2358 454 2398 hic
490 2359 640 2399 intelli-
706 2360 756 2399 ita
777 2370 820 2399 ut
843 2360 946 2400 inter
964 2360 1153 2415 lignarios
1172 2358 1314 2399 eadem

36 2421 162 2472 genda
192 2420 352 2459 videtur
389 2421 542 2474 capsula
575 2420 639 2461 ali-
705 2420 833 2461 form&
861 2421 1014 2461 dicatur
1038 2450 1047 2467 ‚
1080 2421 1154 2474 qu&
1176 2449 1187 2467 ,
1209 2421 1238 2459 l.
1262 2421 1276 2459 1
1300 2447 1313 2468 ,

36 2494 110 2533 qua
132 2509 140 2525 ‚
177 2495 264 2534 quae
299 2481 457 2522 fortaffe
492 2483 640 2538 {ignum
706 2497 741 2524 c.
765 2483 787 2522 8
808 2511 819 2527 ,
843 2483 945 2522 inter
964 2484 1059 2522 duos
1087 2484 1210 2522 lucos.

35 2539 148 2582 Jovis
170 2553 238 2581 aut
267 2541 369 2582 sacra
398 2545 639 2585 includeret.
768 2556 785 2595 3
812 2543 1032 2597 Poterat.]
1060 2544 1277 2585 Mallemus
1299 2569 1313 2592 ,

100 2614 125 2642 2
144 2601 255 2642 Inter
276 2603 479 2658 lignarios.
501 2607 518 2659 ]
546 2607 639 2646 Hoc
699 2619 901 2662 potuerat.
970 2635 978 2641 -

34 2663 195 2706 videtur
219 2679 366 2708 nomen
387 2667 462 2709 effe
489 2668 570 2709 loci
588 2667 638 2709 fic

937 2724 971 2775 P
994 2726 1044 2775 iv
