1680 3052
205 110 250 167 L
297 123 318 165 1
366 121 401 163 Β
450 119 485 161 E
530 120 570 161 R
652 99 1106 162 XXXVIII.
1207 118 1316 183 505

31 189 185 241 hiteta
219 185 593 254 Tetraphyliam
629 185 783 250 petit,
820 183 903 232 ubi
933 181 1145 233 custodia
1177 187 1321 252 regiae
1337 201 1530 256 U.c,563.·

38 255 259 326 pecuniae
296 255 390 307 effe
427 251 564 306 solita
600 268 736 311 erat,
768 253 912 301 tertia
950 249 1532 315 Theudoriam,r1.C.189.

41 341 208 392 quarta
241 323 542 391 Argitheam.
573 318 647 370 Ita
682 321 807 370 inter
843 335 1017 368 omnes
1051 322 1324 383 convenit,

39 410 93 442 ut
125 395 285 460 primo
318 393 498 459 quieti,
521 389 658 440 velut
687 389 746 437 ad
771 389 1008 455 privatam
1033 403 1139 436 rem
1170 404 1324 454 agen-

38 461 154 510 dam
175 459 412 511 venissent
434 497 449 521 ‚
467 460 515 507 in
533 456 644 507 foro
667 454 1068 506 obversarentur:
1090 455 1169 503 die
1190 456 1327 505 certa

22 530 401 580 multitudinem
451 542 654 577 omnem
688 538 1022 574 convocarent
1055 523 1118 571 ad
1158 522 1326 588 praest-

37 598 120 661 dia
137 596 472 647 Macedonum
494 593 679 644 arcibus
699 592 1003 659 expellenda.
1029 590 1129 641 Ubi
1146 607 1205 640 ea
1220 590 1330 642 dies

4 665 272 726 'advenit,
302 664 357 722 ὃ(
387 660 713 730 Amynander
747 677 859 709 cum
896 659 1029 709 mille
1064 659 1241 708 AEtolis
1274 660 1327 708 in

34 732 215 784 finibus
252 745 384 790 erat;
415 747 476 780 ex
511 726 784 796 composito
811 743 1018 794 quatuor
1036 725 1173 776 simul
1204 728 1328 776 locis

34 799 255 868 praesidia
269 799 606 850 Macedonum
621 794 841 864 expulsa:
858 796 1124 862 litteraeque
1144 796 1191 844 in
1209 796 1327 845 alias

34 869 182 919 urbes
222 865 392 934 paffim
430 863 627 915 dimissae
654 901 669 926 ,
710 879 762 914 ut
797 863 1100 913 vindicarent
1134 861 1231 914 sese
1263 864 1327 913 ab

34 938 300 1004 impotenti
325 933 667 984 dominatione
686 931 919 1000 Philippi,
948 932 1001 982 &
1022 930 1327 982 restituerent

20 1005 86 1062 ‘in
107 1004 315 1072 patrium
336 1021 392 1052 ac
414 1003 680 1071 legitimum
702 1017 924 1068 regnum.
951 999 1185 1067 Undique
1208 1001 1324 1049 Ma·
1337 1006 1536 1054 Athama-³

32 1073 254 1124 tedones
289 1071 612 1138 expelluntur.
641 1067 854 1119 Theium
886 1069 1158 1136 oppidum,
1191 1068 1323 1118 litte·
1336 1069 1406 1110 ηἰᾶ
1457 1084 1532 1109 ex-

32 1142 100 1192 tis
137 1159 163 1191 a
198 1140 403 1190 Zenone
434 1137 665 1206 praefe&o
693 1136 897 1206 praesidii
925 1138 1206 1203 intereeptis
1228 1175 1244 1198 ‚
1269 1130 1533 1188 &pulfiMin

37 1226 149 1259 arce
181 1208 241 1258 ab
269 1209 411 1276 regiis
440 1206 679 1273 occupata
698 1243 713 1267 ‚
750 1223 932 1272 paucos
963 1205 1066 1256 dies
1094 1194 1524 1256 obfiden‚cedones.

16 1278 166 1326 tibus
191 1275 359 1326 restitit
380 1294 391 1325 :
416 1275 594 1325 deinde
607 1274 658 1324 id
680 1290 882 1341 quoque
901 1273 1128 1323 traditum
1155 1273 1325 1341 Amy-

39 1345 228 1396 nandro
266 1343 333 1393 est
354 1381 370 1404 ‚
411 1344 463 1393 ὅ(
494 1344 652 1392 omnis
683 1342 976 1391 Athamania
1002 1343 1049 1390 in
1081 1340 1323 1407 potestate

40 1428 145 1462 erat
159 1450 176 1471 ,
197 1428 372 1478 praeter
393 1411 687 1461 Athenaeum
711 1408 984 1471 castellum,
1015 1409 1191 1460 finibus
1211 1409 1324 1460 Ma-

40 1480 259 1531 cedoniae
292 1477 572 1544 subjeetum.

109 1547 175 1599 II.
200 1547 445 1615 Philippus
465 1586 482 1609 ‚
499 1546 660 1596 audita
683 1545 957 1597 defeffione
985 1544 1323 1609 Athamaniae3
1375 1560 1533 1619 Philip.

39 1633 152 1665 cum
180 1616 260 1665 sex
283 1616 493 1665 millibus
517 1630 809 1664 armatorum
835 1614 1078 1682 profek'tus
1100 1653 1113 1674 ‚
1137 1617 1321 1683 ingenti
1331 1640 1405 1681 pus
1445 1640 1530 1666 eam

41 1685 289 1734 celeritate
331 1683 596 1750 Gomphos
631 1685 891 1750 pervenit;
921 1683 987 1732 ibi
1025 1683 1187 1733 relifflt
1216 1701 1319 1733 ma·
1335 1702 1499 1741 recupe-

40 1749 148 1818 jore
180 1768 315 1819 parte
336 1751 574 1801 exercitus
612 1750 813 1819 (neque
844 1752 975 1801 enim
1009 1752 1069 1800 ad
1089 1764 1220 1801 tanta
1240 1754 1318 1802 iti·
1333 1747 1529 1803 raresta-

42 1838 158 1870 nera
197 1818 516 1886 suffecissent)
552 1837 662 1869 cum
699 1820 887 1869 duobus
920 1819 1128 1868 millibus
1153 1811 1410 1871 Athe-stui
1461 1825 1529 1851 ⁶⁰·

23 1904 234 1949 ‘'naeum,
280 1888 414 1954 quod
457 1905 607 1936 unum
647 1906 673 1936 a
707 1886 927 1954 praefidio
959 1885 1469 1939 suomet-enuntiamus·

23 1956 198 2005 'fuerat
214 1994 231 2014 ,
252 1958 473 2020 pervenit
491 1973 504 2014 3
533 1956 647 2004 inde
666 1957 896 2022 proximis
915 1956 1109 2005 tentatis
1125 1993 1140 2016 ‚
1172 1975 1322 2022 quum

41 2023 181 2073 facile
201 2022 604 2073 animadvertisset
624 2037 784 2073 cetera
808 2022 991 2073 hostilia
1016 2022 1136 2082 esse,
1158 2023 1325 2075 Gom-

41 2093 169 2161 phos
205 2091 463 2158 regoeffus,
496 2092 720 2141 omnibus
750 2093 900 2158 copiis
925 2090 1060 2140 simul
1087 2093 1135 2140 in
1163 2092 1325 2142 Atha·

44 2162 255 2210 maniam
289 2160 443 2209 rediit.
480 2160 735 2209 Zenonem
768 2159 880 2209 inde
916 2176 1025 2207 cum
1065 2160 1197 2209 mille
1232 2178 1327 2227 pe·

47 2228 223 2277 ditibus
260 2225 544 2291 praemiss'um
581 2227 841 2293 Ethopiam
883 2244 1122 2293 occupare
1153 2227 1323 2292 jubet,

44 2296 321 2362 opportune
368 2296 615 2362 Argitheae
644 2295 1018 2356 imminentem3
1053 2313 1198 2362 quem
1238 2298 1323 2348 ubi

46 2366 202 2420 ,teneri
238 2382 265 2412 a
296 2362 385 2413 suis
415 2364 580 2413 locum
606 2363 757 2423 vidit,
791 2363 890 2429 ipse
923 2364 1045 2413 circa
1080 2364 1323 2431 templum

47 2431 74 2482 J
80 2434 185 2481 ovis
221 2429 380 2479 Acraei
413 2430 571 2498 posuit
597 2429 773 2491 castra3
799 2432 864 2480 ibi
893 2447 1043 2480 unum
1072 2431 1203 2482 diem
1223 2432 1321 2481 foe-

48 2499 112 2548 da
144 2497 429 2563 tempestate
454 2513 701 2558 retentus,
727 2498 921 2565 postero
948 2493 1025 2547 die
1054 2498 1231 2550 ducere
1258 2501 1322 2550 ad

46 2566 332 2635 Argitheam
364 2568 584 2617 intendit.
621 2566 854 2616 Euntibus
886 2567 1134 2631 extemplo
1165 2586 1322 2634 appa-

45 2651 188 2688 tuere
203 2633 517 2756 Ίᾼτὴαῐηειηεε
535 2673 552 2701 ,
581 2637 631 2689 in
654 2636 866 2698 tumulos
895 2636 1200 2757 imminsstes
1229 2638 1320 2690 viae

242 2720 328 2754 om.
355 2707 413 2762 V.
1072 2755 1074 2757 .
1112 2754 1120 2760 .
