1680 3052
347 116 427 190 '48
635 115 694 176 T
735 133 758 175 1
798 133 840 177 τ
882 135 905 176 1
1001 119 1049 176 L
1094 135 1117 175 1
1162 135 1209 176 v
1254 135 1277 175 1
1324 133 1348 175 1

144 223 201 268 U
207 233 241 263 C
251 233 321 273 55
333 218 431 265 ego
457 199 664 265 Capuam
700 202 801 249 dico
828 238 842 260 ‚
876 219 1012 266 quum
1038 201 1302 266 Carthagini
1327 199 1454 249 vitia
1474 217 1637 267 pacem

152 276 241 322 aC.
249 289 340 321 200
355 285 410 314 ac
445 268 694 316 libertatem
732 271 985 316 dederimus
1017 269 1044 314 P
1078 271 1237 335 Magis
1269 271 1391 316 illud
1426 273 1481 334 est
1509 273 1639 334 peri-

355 336 543 394 culum,
572 355 625 383 ne
658 335 796 385 nimis
818 335 961 396 facile
991 338 1120 384 vittis
1151 337 1455 402 ignoscendo,
1481 340 1638 402 plures
1679 361 1680 365 ¹

353 404 411 451 ob
444 404 636 468 idipfizm
671 407 734 451 ad
769 406 1088 468 experiendam
1117 407 1334 452 adversus
1371 424 1453 452 nos
1474 403 1640 469 fimu-

354 491 460 520 nam
494 473 601 519 belli
631 473 885 519 incitemus.
919 474 1032 519 Haec
1063 491 1147 537 pro
1178 473 1308 520 nohis
1336 473 1453 520 dift'a
1479 472 1591 536 sunt
1611 490 1636 531 ,⁸

355 541 448 599 llaec
484 538 704 587 adversus
737 540 1007 604 Philippum
1028 539 1190 603 :cujus
1222 542 1456 606 domestica
1477 543 1638 607 parri-

357 608 518 665 cidia,
545 607 589 654 6³
623 622 913 673 cognatorum
946 609 1274 673 amicorumque
1306 611 1478 665 caedes,
1498 609 1544 656 6²
1567 609 1638 656 li·-

354 675 438 723 bid
440 676 556 722 inem
593 689 611 738 5
647 675 1003 723 inhumaniorem
1037 693 1178 741 prope
1212 695 1343 740 quam
1376 678 1639 724 crudelita-

358 758 480 799 tem,
502 760 584 790 vos
602 778 618 800 ,
649 743 733 807 quo
751 745 986 809 propiores
1011 745 1295 793 Macedoniae
1322 746 1452 804 eliis,
1474 745 1638 794 melius

358 813 510 876 nostis.
540 813 682 876 Quod
704 814 769 858 ad
797 830 880 859 vos
909 812 1103 872 attinet,
1124 814 1315 870 AEmh’,
1336 832 1419 862 nos
1438 831 1523 879 pro
1555 833 1640 862 vo·

359 879 430 926 his
462 880 627 926 bellum
651 878 932 945 suscepimus
965 880 1184 929 adversus
1209 881 1476 947 Philippum
1511 899 1526 929 .·
1554 900 1640 931 vos

348 948 448 1012 fine
478 947 610 995 nobis
637 965 735 994 cum
773 966 821 995 eo
851 965 1011 1014 pacem
1034 947 1221 1012 fecistis.
1254 952 1320 998 Et
1347 949 1541 1014 forfitatt
1567 952 1642 998 di-

359 1015 511 1074 catis,
530 1016 647 1063 hello
671 1014 849 1064 Punico
878 1018 1114 1082 occupatis
1134 1018 1301 1076 nobis,
1327 1021 1502 1066 coaHos
1521 1034 1640 1067 metu

357 1102 474 1142 ·v,os
497 1084 613 1149 leges
638 1086 775 1149 pacis
800 1084 858 1130 ab
879 1101 928 1132 eo
956 1085 1033 1150 qui
1059 1100 1149 1158 tum
1174 1087 1285 1151 plus
1308 1101 1489 1151 poterat
1508 1104 1642 1134 acce-

351 1150 502 1218 pff:
523 1154 566 1200 6³
585 1171 669 1200 nos
687 1187 701 1210 ,
722 1170 853 1216 quum
877 1152 976 1200 alia
1006 1151 1182 1217 maJOra
1211 1169 1447 1220 urgerent,
1465 1156 1642 1220 deposi-

359 1235 451 1268 tum
472 1239 501 1267 a
527 1221 657 1269 vobis
678 1220 843 1268 bellum
873 1220 918 1269 6³
951 1222 1037 1287 ipfi
1055 1223 1295 1284 omifimus.
1321 1224 1460 1270 Nunc
1485 1223 1529 1270 δ’
1554 1241 1641 1271 nos

358 1290 489 1338 detim
531 1289 804 1355 benignitate
838 1291 1022 1339 Punico
1073 1287 1262 1354 perfeblo
1308 1290 1426 1338 bello
1466 1327 1484 1348 ,
1530 1292 1641 1339 totis

358 1358 537 1408 viribus
581 1359 737 1424 nostris
781 1358 830 1405 in
869 1360 1199 1406 Macedoniam
1247 1360 1570 1406 incubuimus:
1594 1359 1640 1407 6·

357 1427 491 1475 vobis
524 1429 619 1491 resti
625 1428 780 1474 tuendi
815 1445 899 1474 vos
931 1427 978 1474 in
1009 1427 1260 1474 amicitiam
1287 1426 1639 1491 fhcietatemque

357 1497 546 1560 nostram
571 1493 765 1560 fortuna
794 1494 954 1542 oblata
987 1498 1078 1561 est·
1058 1532 1075 1553 ,
1112 1495 1202 1559 nist
1182 1496 1368 1560 iperire
1394 1512 1494 1542 cum
1517 1495 1642 1545 Phi-

359 1564 487 1629 lippo
513 1601 527 1621 ‚
560 1581 696 1627 quam
728 1565 904 1612 vincere
938 1581 1035 1611 cum
1068 1564 1294 1612 Romanis
1318 1600 1334 1622 ,
1369 1564 1607 1613 mavultis.

191 1663 349 1706 Dmo
426 1630 640 1680 XXXII.
658 1631 778 1680 Haec
811 1629 933 1679 dissa
957 1632 1014 1679 ab
1032 1630 1262 1680 Romano
1287 1648 1435 1697 quum
1458 1630 1645 1680 essent
1624 1667 1642 1692 ,

154 1726 253 1769 criti
361 1700 596 1748 inclinatis
618 1702 834 1748 omnium
858 1701 1026 1748 animis
1049 1699 1108 1747 ad
1130 1698 1417 1759 Romanos,
1448 1697 1644 1749 Damo-

162 1790 286 1831 prael,
362 1770 448 1815 cri
436 1786 504 1818 us
528 1783 705 1834 praetor
723 1768 1027 1829 AEtolorum,
1054 1768 1289 1834 pecunia,
1307 1783 1359 1817 ut
1384 1767 1510 1817 fama
1535 1767 1642 1828 est,

161 1848 329 1892 AEcolo-
365 1838 424 1884 ab
455 1854 567 1904 rege
606 1837 803 1904 accept&
834 1875 851 1896 ‚
884 1837 1002 1886 nihil
1035 1851 1115 1885 aut
1154 1836 1260 1884 huic
1300 1851 1380 1886 aut
1417 1837 1483 1884 ilii
1522 1837 1645 1902 parti

157 1928 244 1953 sum
267 1904 566 1964 sen-assensus
589 1943 602 1964 ‚
632 1909 743 1954 Rem
766 1905 800 1955 6
818 1908 969 1973 magni
997 1906 1267 1970 discriminis
1298 1906 1498 1970 confiliis
1532 1906 1645 1953 nul—

161 1975 303 2016 έεᾱῑὶα·
363 1975 455 2022 lam
484 1973 563 2038 effe
597 1991 687 2023 tam
719 1976 949 2023 inimicam
970 2011 987 2032 ‚
1013 1975 1145 2038 quam
1170 1973 1439 2021 celeritatem
1460 2011 1475 2034 ‚
1503 1973 1640 2023 dixit.

365 2044 557 2092 Celerem
599 2044 712 2091 enim
749 2045 1096 2108 poenitentiam,
1139 2042 1225 2107 sed
1264 2044 1459 2089 eamdem
1491 2042 1646 2107 seram

362 2127 497 2176 atque
529 2112 735 2159 inutilem
764 2111 894 2176 stqui
927 2129 947 2169 ;
980 2128 1114 2175 quum
1148 2111 1442 2176 praecipitata
1475 2111 1644 2176 raptim

362 2180 552 2244 confilia
585 2198 724 2243 neque
755 2181 960 2227 revocari
981 2197 1155 2243 ‚neque
1184 2180 1232 2226 in
1261 2179 1483 2255 ‘integrum
1516 2179 1646 2240 relli-

360 2250 431 2296 tui
459 2247 636 2324 poffint.
657 2248 1025 2295 Deliberationis
1054 2264 1201 2295 autem
1229 2265 1359 2309 eJus,
1393 2248 1525 2310 cujus
1549 2245 1643 2324 ipse

357 2318 662 2364 maturitatem
711 2315 1053 2381 exspec‘landam
1096 2330 1281 2382 putaret
1305 2352 1319 2375 ‚
1358 2330 1534 2381 tempus
1571 2316 1644 2365 ita

425 2419 790 2471 5Inhumaniorem.
809 2425 830 2477 ]
860 2419 967 2459 Indi·
1032 2418 1226 2472 ejusmodi
1256 2447 1268 2467 ‚
1301 2430 1345 2459 ut
1376 2420 1467 2460 de
1458 2419 1503 2460 xis
1536 2421 1652 2461 bene·

357 2484 538 2540 gniorem
574 2481 751 2522 homine.
1030 2495 1079 2520 an
1113 2480 1213 2525 malie
1249 2481 1441 2522 statueres
1474 2482 1667 2531 multum,

418 2546 442 2584 6
465 2545 608 2599 Magni
629 2540 857 2596 discriminis
875 2557 966 2581 corz·
1029 2541 1233 2582 interesset
1261 2557 1273 2590 3
1312 2555 1354 2583 ut
1391 2545 1430 2584 in
1468 2544 1514 2583 iis
1546 2557 1645 2595 pec-

345 2606 467 2661 filiis.
505 2611 524 2662 ]
593 2604 965 2645 Delii-ternionibus
1029 2604 1111 2643 cari
1153 2603 1231 2642 fine
1273 2620 1418 2662 magno
1457 2605 1645 2661 periculo

341 2661 443 2728 ’ἕως
477 2667 729 2710 versarentur
762 2666 867 2709 circa
897 2680 965 2709 res
1028 2679 1111 2708 non
1137 2666 1300 2711 liceret.

1534 2722 1635 2793 jam
