1680 3052
363 110 478 194 380
625 113 1401 176 T1-r1L1v11·

158 209 250 253 Uffi
259 211 348 262 561
363 200 557 246 niorum
588 199 818 248 adversus
855 197 1018 248 Persas
1072 215 1231 249 morte
1273 198 1425 266 magis
1460 214 1644 253 memmi:

158 267 328 321 3C119
339 268 535 324 rabili,
571 268 715 333 quam
755 285 1630 333 pugna..

433 333 574 384 XVI.
610 336 995 401 Haudquaquam
1019 336 1119 400 pari
1151 350 1250 383 tum
1287 336 1448 384 animo
1472 333 1546 383 Ar
1533 337 1635 386 tatio

371 401 488 450 chus
519 405 638 452 intra
677 420 839 469 portas
880 404 974 450 loc¹
1005 420 1106 466 ejus
1135 402 1261 450 castt'
1232 421 1289 449 is
1316 401 1515 468 positis,
1541 422 1636 453 mua

367 471 628 522 nitionibus
665 472 855 536 inluper
885 470 1054 519 saltum
1075 470 1405 548 impediebat-z
1426 470 1477 518 ὃ(
1501 472 1643 536 quum

366 537 545 603 duplici
586 558 644 587 va
649 540 714 587 llo
753 538 1013 605 fossaque,
1059 539 1110 587 ὅ(
1155 556 1294 586 muro
1328 540 1514 595 etiam,
1552 537 1650 606 qua

365 623 442 654 res
476 605 630 672 postul
637 607 780 668 abat
817 625 875 655 ex
918 609 1035 654 mult
1043 625 1068 654 3
1107 609 1248 671 copia
1282 604 1491 670 paffim
1482 624 1645 666 iacen-

365 676 485 722 tium
531 675 782 740 lapidum,
813 673 1123 740 permunisset
1138 672 1652 757 omnia3satisf1dens2v

366 759 614 807 nunquam
650 761 706 792 ea
747 745 847 792 vim
889 730 1168 791 Romanum
1198 745 1462 792 exercitum
1492 741 1643 791 faciu-

366 827 508 870 rum,
551 812 745 861 AEtolos
786 829 845 859 ex
886 827 1091 877 quatuor
1128 812 1334 859 millibus
1374 809 1486 877 (tot
1519 813 1643 862 enim

365 879 744 947 convenerant)
780 881 955 945 partim
995 880 1054 927 ad
1095 878 1383 926 Heracleam
1432 877 1648 944 praesidio

365 947 719 1006 obtinendam,
753 966 857 1013 quae
891 964 1002 995 ante
1025 946 1146 1012 ipsas
1168 946 1332 994 fauces
1365 946 1517 1011 posita
1551 946 1644 1007 est3

366 1017 544 1079 partim
579 1016 834 1081 Hypatam
879 1018 1052 1074 mittit,
1092 1016 1143 1063 ὅ(
1197 1015 1483 1063 Heracleam
1525 1015 1596 1063 ha
1587 1015 1655 1066 id-

367 1082 540 1132 dubius
578 1084 823 1132 consulem
853 1098 1277 1150 oppugnaturum,
1315 1080 1404 1131 &
1392 1101 1492 1148 jam
1522 1083 1655 1132 mul--

367 1152 426 1199 tis
462 1153 792 1201 nunciantibus
828 1154 891 1200 cir
896 1171 949 1200 ca
982 1152 1236 1218 Hypatam
1274 1154 1438 1200 omnia
1468 1151 1658 1202 evastao

187 1223 282 1286 eos,
304 1220 424 1275 adri.
475 1218 658 1270 Consul
708 1221 1029 1287 depopulatus
1078 1219 1418 1288 Hypatensem
1458 1221 1650 1286 primo,

163 1289 350 1338 Thermo·
369 1287 545 1338 deinde
574 1288 952 1338 Heracleensem
973 1306 1140 1357 agrum
1162 1325 1178 1349 ‚
1216 1289 1370 1338 inutili
1394 1288 1680 1355 utrobique==

154 1356 290 1410 pylas·
368 1357 547 1406 auxilio
576 1358 899 1418 AEtolorum‚
923 1359 972 1405 in
991 1330 1099 1425 ipsis
1121 1356 1335 1407 faucibus
1361 1375 1516 1424 prope
1539 1357 1652 1406 fon·
1678 1386 1680 1394 ·

364 1437 437 1474 tes
475 1427 736 1474 calidarum
772 1443 1001 1492 aquarum
1039 1425 1266 1474 adversus
1304 1442 1468 1491 regem
1504 1425 1648 1476 castra

366 1493 543 1559 posuit.
583 1495 863 1543 AEtolorum
908 1511 1121 1560 utraeque
1159 1511 1327 1543 manus
1362 1493 1650 1544 Heracleam

363 1561 463 1610 sese
498 1561 801 1611 incluserunt.
842 1561 1142 1612 Antiochum
1172 1601 1188 1621 ,
1232 1563 1342 1622 cui,
1377 1561 1648 1629 priusquam

362 1628 549 1679 hostem
597 1644 862 1692 cerneret,
906 1630 1012 1680 satis
1053 1632 1218 1680 omnia
1256 1633 1560 1698 permunita,
1594 1630 1647 1682 &

363 1698 589 1766 praefidiis
621 1699 821 1766 obsepta
852 1699 1173 1761 videbantur,
1209 1701 1355 1749 timor
1378 1700 1585 1750 deinde
1574 1718 1651 1755 ιιιο,

365 1766 529 1828 cessit,
566 1785 629 1818 ne
664 1787 785 1835 quos
824 1785 911 1835 per
944 1770 1244 1818 imminentia
1283 1766 1395 1835 juga
1416 1769 1587 1818 calles
1577 1786 1650 1818 m-

361 1838 553 1886 veniret
579 1837 638 1885 ad
673 1836 918 1886 transitum
948 1836 1239 1895 Romanus3
1274 1855 1386 1884 nam
1412 1838 1465 1886 &
1498 1834 1649 1886 Lace-

363 1904 572 1953 daemon'
542 1924 633 1954 1os
673 1906 920 1972 quondam
955 1908 1021 1953 ita
1045 1904 1238 1953 aPerfis
1276 1906 1550 1954 circumitos
1570 1905 1649 1954 fa·-

364 1991 445 2021 ma
482 1988 583 2022 erat
605 2010 619 2033 ,
649 1990 678 2038 9
721 1974 772 2022 &
810 1990 962 2040 nuper
984 1974 1254 2039 Philippum
1279 1974 1338 2021 ab
1359 1972 1525 2022 iisdem
1544 1972 1652 2024 Ro*

360 2043 546 2101 manis;
575 2042 734 2107 itaque
768 2045 998 2091 nuncium
1037 2041 1327 2090 Heracleam
1365 2042 1424 2091 ad
1451 2041 1652 2093 AEtolos

360 2110 540 2168 mittit,
585 2124 635 2157 ut
668 2111 789 2158 hanc
827 2110 992 2159 saltem
1026 2109 1111 2158 fibi
1159 2126 1358 2176 operam
1398 2128 1460 2159 eo
1511 2111 1646 2161 bello

358 2176 671 2243 praestarent,
709 2192 761 2225 ut
793 2181 998 2228 vertices
1038 2177 1162 2226 circa
1210 2180 1452 2227 montium
1494 2196 1673 2228 occu-·

359 2261 530 2312 parent
564 2245 935 2312 obfiderentque
955 2285 972 2326 .'
1008 2265 1066 2296 ne
1101 2247 1193 2312 qua
1227 2246 1419 2296 transire
1456 2245 1648 2297 Roma-

358 2332 446 2363 nus
476 2312 647 2379 posset.
684 2315 796 2362 Hoc
826 2318 1002 2363 nuncio
1035 2316 1199 2364 audito
1225 2352 1241 2373 ‚
1279 2313 1531 2364 dissensio
1521 2330 1646 2367 mter

359 2383 557 2432 AEtolos
580 2396 686 2430 orta
715 2383 814 2432 est·
804 2419 818 2442 ,
852 2402 958 2448 pars
991 2385 1198 2449 imperio
1221 2384 1490 2448 parendum
1521 2387 1645 2452 regis

361 2466 504 2516 atque
559 2450 772 2500 eundum
819 2451 1110 2511 censebant,
1150 2469 1257 2517 pars
1300 2450 1642 2502 subsistendum

358 2517 648 2580 Heracleae,
681 2519 742 2569 ad
776 2533 1027 2586 utramque
1059 2518 1338 2580 fortunam,
1375 2536 1426 2569 ut
1454 2519 1549 2571 sive
1568 2521 1646 2578 vi-

422 2674 448 2718 9
472 2661 528 2704 Et
550 2678 675 2720 nuper
689 2663 931 2721 Philippum.
950 2663 967 2718 ]
989 2663 1054 2705 Ad
1077 2663 1211 2708 Aoum
1230 2676 1403 2707 amnem
