1680 3052
279 121 642 178 LIBER
726 115 1092 175 XXXVL
1218 136 1325 194 3fl

58 213 164 251 rore
203 215 471 250 ceterarum
506 210 888 264 expugnatarum
912 234 926 257 ‚
969 198 1050 246 vel
1090 198 1329 248 beneficio
1349 221 1537 267 {js-(61.

57 267 255 335 praesidii
301 265 471 315 dimissi
506 305 520 325 ,
559 267 641 316 vel
681 265 911 331 exemplo
955 278 1029 312 tot
1081 267 1330 316 civitatum
1346 264 1537 333 a.C.i91.

57 337 337 385 dedentium
367 335 462 384 sese
488 372 502 394 ,
531 353 630 384 non
659 333 783 382 ultra
817 335 863 380 in
903 334 1163 399 pertinacia
1188 351 1331 382 man—

56 402 201 453 suros·
230 403 507 469 Elephantis
538 405 612 470 agi
645 417 754 450 ante
787 399 918 467 signa
947 402 1141 449 terroris
1188 404 1334 451 causa

53 468 180 537 juffis
202 509 215 530 ,
245 471 481 536 quadrato
514 471 703 537 agmine
742 469 803 518 ad
837 469 1005 518 urbem
1037 466 1218 517 inceffit
1245 486 1257 517 ε
1281 485 1336 519 ut

57 540 223 588 incerti
250 538 587 588 ssusiuarentur
620 539 764 587 animi
793 555 979 605 magnae
1012 539 1157 603 partis
1187 536 1337 586 Laris-

0 602 2 614 ’
54 606 254 657 faeorum
294 610 416 656 inter
439 607 466 655 8
499 623 680 655 merum
715 606 998 674 praesentem
1022 603 1226 654 hostium
1246 643 1261 665 ‚
1283 605 1335 655 &

59 676 403 724 verecundiam
435 674 698 724 absentium
730 674 986 723 sociorum.
1015 673 1105 722 Per
1138 672 1337 722 eosdem

58 742 159 792 dies
191 742 517 809 Amynander
556 761 667 792 cum
704 742 1036 799 Athamanum
1074 740 1334 806 juventute

53 826 258 877 occupat
290 810 570 860 Pellinaeum
605 827 615 857 :
652 811 704 859 ὃς
741 810 1008 877 Menippus
1038 827 1148 858 curn
1179 811 1331 860 tribus

54 879 262 928 millibus
285 879 505 946 peditum
531 878 839 938 AEtolorum,
870 881 922 927 &
952 878 1171 927 ducentis
1200 880 1335 945 equi-

51 946 176 996 tibus
201 984 216 1007 ,
240 949 288 996 in
325 946 644 996 Perrhaebiam
683 945 926 1012 profe&us
953 983 968 1007 ‚
995 945 1250 995 Malloeam
1282 947 1335 995 ὃς

56 1013 286 1082 Cyretias
326 1017 378 1066 vi
418 1017 584 1080 cepit,
617 1014 1031 1081 depopulatusque
1069 1013 1136 1064 est
1168 1032 1335 1081 agrum

53 1080 434 1150 Tripolitanum.
468 1082 557 1131 His
595 1086 769 1149 raptim
811 1082 1012 1150 perafitis
1049 1119 1065 1142 ,
1105 1080 1332 1132 Larissam

55 1151 117 1201 ad
148 1169 315 1220 regem
339 1152 569 1201 redeunt:
589 1149 905 1211 consultanti,
927 1151 1156 1218 quidnam
1176 1167 1333 1217 agen-

15 1255 18 1258 «
55 1219 173 1269 dum
215 1219 330 1269 effet
380 1219 441 1269 de
482 1217 654 1268 Larissa
678 1257 694 1280 ,
730 1218 1125 1286 supervenerunt.
1172 1218 1245 1267 lbi
1284 1222 1334 1269 in

63 1287 303 1337 diversum
336 1289 576 1337 sententiae
607 1287 902 1337 tendebant:
923 1288 1024 1335 aliis
1054 1290 1158 1335 vim
1194 1287 1336 1335 adhi-

58 1356 269 1405 bendam
295 1394 309 1416 ‚
361 1357 414 1405 &
463 1373 562 1404 non
618 1353 940 1405 differendum
993 1354 1295 1405 censentibus
1317 1393 1336 1415 ,

58 1426 172 1489 quin
194 1425 420 1490 operibus
458 1442 512 1472 ac
542 1424 772 1472 machinis
801 1423 935 1473 simul
973 1423 1186 1490 undique
1212 1440 1336 1473 moe-

54 1494 135 1541 nia
162 1492 538 1559 aggrederentur
569 1493 698 1540 urbis
721 1491 819 1541 sitae
844 1494 892 1541 in
929 1492 1076 1557 plano
1098 1530 1111 1552 ‚
1137 1506 1166 1556 9
1193 1509 1336 1558 apera

56 1574 118 1609 tae
139 1598 153 1620 ‚
186 1558 437 1626 campestri
460 1559 672 1626 undique
699 1560 827 1609 aditu
850 1561 982 1608 :aliis
1002 1598 1017 1620 ‚
1044 1578 1171 1610 nunc
1204 1562 1334 1610 vires

57 1628 186 1677 urbis
213 1667 227 1687 ,
255 1645 556 1696 nequaquam
576 1627 738 1677 Pheris
766 1628 1078 1678 conserendae
1099 1667 1112 1688 ‚
1137 1625 1349 1678 memo-¹

57 1697 265 1746 rantibus
293 1714 307 1756 3
340 1715 467 1745 nunc
504 1698 716 1745 hiemem
754 1698 806 1746 &
841 1711 1032 1763 tempus
1071 1698 1182 1746 anni
1217 1699 1335 1746 nulli

57 1764 242 1814 bellicae
276 1766 381 1825 rei,
404 1765 601 1813 minime
625 1764 865 1814 obsidioni
897 1781 1038 1831 atque
1078 1782 1339 1832 oppugna-a

57 1834 181 1881 tioni
213 1833 403 1882 urbium
429 1871 443 1893 ‚
475 1849 659 1899 aptum.
686 1833 882 1883 Incerto
914 1836 1016 1900 regi
1049 1835 1174 1882 inter
1199 1834 1336 1899 spem

59 1916 341 1967 metumque
367 1903 510 1968 legati
540 1921 566 1950 a
585 1901 805 1951 Pharsalo
829 1940 842 1961 ‚
871 1904 953 1968 qui
977 1901 1038 1950 ad
1062 1901 1340 1951 dedendam

58 1969 227 2018 urbem
263 1969 391 2018 suam
420 1969 544 2019 sorte
576 1986 809 2019 venerant
828 2008 841 2028 ,
866 1972 1051 2020 animos
1082 1986 1334 2019 auxerunt.

61 2036 137 2085 M.
172 2036 358 2086 Baebius
399 2039 589 2087 interim
621 2055 729 2087 cum
762 2038 984 2106 Philippo
1026 2041 1073 2087 in
1107 2036 1340 2088 Dassare-

58 2106 136 2154 tiis
178 2103 450 2173 congressus
485 2143 499 2166 ,
538 2106 636 2173 Ap.
681 2105 940 2156 Claudium
988 2124 1048 2155 ex
1091 2109 1341 2156 communi

62 2172 258 2222 consilio
305 2174 364 2220 ad
408 2172 671 2239 praesidium
710 2173 894 2224 Larissae
931 2173 1052 2223 misit
1085 2213 1100 2236 ‚
1138 2177 1223 2242 qui
1254 2192 1341 2241 per

62 2241 409 2291 Macedoniam
434 2245 616 2308 magnis
641 2244 890 2293 itineribus
920 2245 967 2292 in
997 2242 1165 2311 jugum
1196 2262 1341 2292 mon-

60 2311 179 2359 tium
203 2349 217 2372 ,
238 2310 372 2378 quod
400 2311 537 2377 super
561 2310 771 2363 Gonnos
799 2311 864 2361 est
887 2351 900 2374 ‚
921 2313 1158 2379 pervenit.
1177 2309 1343 2378 Oppi-

122 2419 146 2460 8
166 2419 319 2459 rMetum
343 2416 566 2474 praesentem
593 2419 665 2458 ho·
729 2417 839 2472 dique
870 2416 1024 2469 aditu]
1061 2415 1166 2456 Urbs
1197 2427 1336 2470 aperta

53 2480 218 2535 flium-J
238 2482 346 2537 Lege
368 2478 662 2535 ‚praesenciumt
730 2479 784 2519 est
804 2508 815 2528 ,
839 2493 954 2534 quam
975 2478 1091 2518 facile
1119 2476 1245 2532 quivis
1274 2477 1336 2516 in—

61 2542 235 2596 sequitur
268 2544 372 2583 enim
396 2570 407 2591 ‚
453 2541 673 2597 absentium
729 2553 836 2582 trare
855 2540 1000 2594 potest.
1016 2539 1123 2579 Urbs
1137 2538 1339 2593 campestri

60 2600 271 2659 sociorum.
731 2604 839 2642 adim
859 2629 870 2649 ,
891 2617 935 2642 ea
956 2601 1009 2640 est
1028 2615 1114 2654 quae
1133 2614 1181 2640 ex
1201 2602 1339 2656 plano,

126 2676 154 2718 9
173 2666 333 2722 Aperta>
346 2694 359 2712 ,
379 2663 577 2722 campestri
595 2681 666 2706 utz-
733 2680 788 2707 ex-
805 2663 1008 2720 campestri
1028 2663 1178 2705 aditur,

941 2719 1078 2788 Qvi
