1680 3052
251 60 1085 149 SENTENTIARUMs
1188 86 1299 162 635

488 179 654 220 Immitis
672 181 843 220 animus.

23 229 80 281 Ut
96 236 183 280 ferae
199 235 367 291 quaedam
387 246 592 290 numquam
611 234 826 281 mitescunt,
849 230 897 273 sic
915 232 1011 272 inter
1029 233 1205 276 homines
1223 234 1304 277 sunt

82 293 245 347 immites
265 291 421 347 quidam
442 292 482 332 ὅ(
503 288 759 343 implacabiles
779 287 919 335 animi,
938 286 1110 329 XXXlll
1132 321 1142 338 ,
1163 302 1232 340 45.

494 358 692 414 [mprobus
720 358 847 399 homo.

27 414 469 513 Ηοὶῑζιῑὶῖζηὶέῗινῐιῃρῑοϋιιω
486 426 565 455 non
585 412 752 456 accusari
762 412 880 479 'tutius
903 410 956 455 est
969 443 982 465 ‚
998 411 1114 465 quam
1133 412 1305 466 absolvi,

277 500 289 521 n
308 483 350 521 4·

588 520 758 573 Injuria.

30 579 113 634 Qui
149 578 253 630 pri0r
286 589 390 620 arma
415 577 560 628 intulit,
590 578 638 618 ab
671 588 721 619 eo
760 574 931 629 iniuriam
960 584 1084 619 ortam
1118 585 1307 632 apparet,

86 632 242 675 XXXiI
258 663 269 684 ‚
291 646 356 676 10.

578 684 752 728 Invidia.

29 740 143 783 Nulla
160 742 401 799 ingeniatum
419 752 540 796 prona
558 740 605 782 ad
625 739 807 781 iuvidiam
825 738 904 781 suut
923 768 935 785 ‚
956 740 1069 795 quiim
1088 751 1222 782 eorum
1242 739 1307 794 qui

88 808 206 850 genus
223 807 268 837 ac
288 795 475 837 fortunam
506 797 606 836 suam
623 796 754 836 animis
783 807 859 835 non
878 805 1050 849 aequant·
1076 796 1164 849 quia
1196 797 1311 837 virtu-

86 860 166 893 tem
187 880 198 900 ,
217 861 257 891 ut
278 852 421 892 bonum
442 851 603 891 alienum
617 881 627 897 ‚
648 849 833 896 oderunt,
853 849 1007 889 XXXV
1021 883 1030 897 ‚
1049 861 1119 901 43.

33 904 151 948 Caeca
182 905 323 946 invidia
355 905 434 950 est,
457 917 529 946 nec
560 902 768 959 quidquam
799 904 897 945 aliud
915 903 1007 952 scit,
1035 905 1151 958 quirin
1184 903 1313 946 detre-

89 959 405 1057 ἑὲῑξὲξῶἰὺἳιῡες,
440 971 686 1014 corrumpere
721 959 891 1000 honores
925 969 970 1000 ac
1000 959 1152 1012 praemia
1181 970 1313 1001 earum

133 1049 146 1054 -
319 1026 416 1068 ‚49-

36 1123 323 1168 Consuetudine
341 1122 472 1166 levior
499 1067 762 1172 εῆῖοέἔξῗὲι
792 1123 978 1165 comitate
1010 1134 1056 1165 ac
1084 1123 1318 1177 benignitate

94 1173 203 1223 ducis
224 1180 340 1221 etiam
356 1191 434 1221 non
453 1178 676 1232 injucundus
698 1177 777 1220 fieri
794 1178 944 1232 potest,
963 1178 1117 1222 XXXV
1131 1206 1145 1225 ,
1169 1189 1187 1231 3
1198 1192 1236 1230 5.

628 1249 727 1294 Lex.

40 1304 169 1347 Unam
187 1305 251 1361 qui
270 1303 371 1348 tollit
387 1306 534 1361 legem,
553 1316 702 1348 ceteras
720 1303 908 1354 infirmat,
931 1301 1108 1345 XXXIV
1127 1332 1139 1349 ‚
1164 1315 1204 1357 3.

40 1357 149 1404 Sicut
167 1362 253 1402 ante
272 1361 432 1402 morbos
455 1362 600 1403 necetl‘e
619 1361 671 1401 est
690 1360 867 1413 cognitos
887 1359 957 1400 effe
974 1388 985 1403 ‚
1011 1358 1123 1412 quum
1152 1357 1323 1400 remedia

98 1427 235 1458 eorum
258 1429 270 1459 3
294 1415 341 1457 fic
363 1415 586 1470 cupidtates
609 1415 710 1469 prius
730 1424 826 1455 natae
843 1413 923 1454 suut
939 1445 951 1464 ,
972 1415 1085 1468 quam
1106 1412 1214 1467 leges
1237 1426 1324 1468 quae

98 1471 141 1512 iis
162 1470 320 1512 modurn
338 1470 508 1512 facerent
527 1500 538 1515 ‚
557 1471 653 1512 ibid.

42 1523 102 1575 Ex
117 1526 172 1566 liis
191 1525 361 1579 legibus,
383 1539 464 1580 quae
483 1537 559 1566 non
592 1525 628 1565 in
647 1534 796 1578 tempus
828 1521 986 1577 aliquod
1006 1550 1018 1567 ‚
1048 1521 1112 1564 sed
1131 1532 1323 1577 perpetuen

99 1579 269 1620 utilitatis
289 1580 407 1622 caus&
425 1583 458 1620 in
477 1592 657 1621 aeternum
674 1580 753 1620 latae
773 1580 850 1619 suut
863 1607 872 1621 ,
892 1577 991 1618 nulla
1011 1576 1165 1631 abogari
1183 1577 1316 1629 debet,

100 1633 165 1674 nifi
184 1646 296 1688 quam
317 1644 380 1675 aut
398 1635 504 1675 ausus
524 1634 721 1689 coarguit,
743 1643 807 1674 aut
826 1633 937 1674 status
955 1632 1088 1686 aliquis
1102 1632 1327 1687 reipubIIcae

101 1689 271 1731 inurilem
294 1689 411 1734 facit,
430 1689 604 1730 XXXIV
619 1721 629 1737 ,
649 1688 690 1730 6.

49 1743 162 1798 Quas
187 1753 361 1798 tempora
397 1746 521 1798 aliqua
554 1742 763 1785 desiderant
793 1741 900 1796 leges
920 1774 932 1793 ‚
957 1741 1166 1789 mortales,
1200 1751 1242 1784 ut
1274 1742 1328 1785 ita

104 1797 262 1842 dicam.
301 1799 342 1839 ὃ(
379 1798 617 1852 temporibus
655 1798 734 1852 ipiis
781 1797 979 1839 mutabiles
1014 1797 1108 1840 sunt.
1153 1798 1255 1851 Quae
1288 1798 1328 1839 in

102 1852 316 1907 pacetlatae
349 1852 461 1904 sunt,
497 1852 723 1907 plerumque
755 1852 894 1893 bellum
928 1852 1089 1906 abrogat
1126 1864 1139 1897 ;
1178 1865 1260 1906 quae
1290 1853 1330 1894 in

104 1907 214 1949 bello
234 1939 245 1958 ,
264 1917 427 1961 pax:ut
456 1909 492 1947 in
512 1908 619 1949 navis
652 1907 972 1948 administratione
991 1936 1002 1951 ‚
1033 1906 1105 1947 alia
1136 1909 1171 1948 in
1205 1907 1334 1949 secun·

108 1961 218 2008 dam,
239 1963 311 2003 alia
328 1963 364 2002 in
382 1961 578 2004 adversam
594 1961 855 2015 tempestatem
873 1961 951 2002 usui
967 1960 1048 2003 sunt
1062 1993 1073 2012 ,
1097 1961 1181 2002 ibid

53 2011 186 2060 Nemo
219 2029 313 2058 unus
343 2017 437 2058 civis
474 2018 619 2057 tantum
649 2017 817 2058 eminere
849 2015 999 2066 debet,
1028 2027 1068 2057 ut
1095 2016 1240 2069 legibus
1278 2016 1331 2057 in-

109 2072 295 2126 terrogari
319 2082 396 2111 non
427 2071 546 2123 potiit.
575 2071 679 2112 Nihil
706 2080 783 2112 tam
812 2069 1004 2124 aequandae
1032 2069 1213 2112 libertatis
1246 2070 1331 2123 est,

109 2127 224 2181 quam
271 2125 562 2180 potentillimum
607 2137 801 2180 quemque
843 2124 945 2177 poffe
989 2124 1120 2165 dicere
1169 2127 1337 2167 causam.

114 2180 225 2236 Quid
255 2191 381 2222 autem
415 2180 497 2221 tuto
531 2180 708 2233 cuiquam
735 2213 744 2229 ‚
778 2178 917 2219 nedum
961 2177 1100 2219 summa
1148 2180 1335 2232 respubli-

113 2249 160 2279 ca
179 2267 190 2285 ‚
218 2235 478 2277 committatur
498 2267 509 2285 ‚
538 2233 562 2274 s1
591 2235 688 2275 ratio
717 2245 794 2274 non
829 2232 868 2274 s1t
898 2231 1093 2273 reddenda
1117 2233 1133 2273 ἓ
1163 2235 1243 2286 Qui
1275 2234 1335 2284 {us

113 2302 266 2344 aequum
326 2299 372 2330 atr
405 2300 483 2330 non
510 2289 664 2344 potest.
693 2289 730 2330 in
760 2300 849 2330 eum
882 2287 939 2328 vis
971 2287 1071 2328 baud
1091 2287 1221 2340 injusta
1252 2288 1332 2336 est,

116 2344 292 2388 xxxvl
315 2343 362 2395 1,
396 2356 461 2395 50.

545 2398 691 2440 Liberi.
719 2397 857 2451 Reges.

61 2453 189 2497 Liberi
205 2452 334 2508 populi
352 2453 465 2495 etiam
483 2452 641 2495 aliorum
659 2453 846 2495 libertatis
864 2451 1012 2493 causam
1033 2450 1195 2494 libenter
1211 2461 1342 2506 agunta*

120 2508 378 2605 Regesvsfirva
404 2509 534 2550 omnia
561 2510 602 2551 δε
621 2507 785 2560 subjecta
808 2507 971 2562 imperio
991 2507 1057 2548 suo
1079 2506 1150 2549 effe
1177 2509 1337 2554 volunt,

123 2564 239 2605 XXX
329 2595 341 2614 ,
366 2575 430 2614 54.

68 2677 260 2724 Libertate
292 2677 446 2724 modice
478 2617 944 2734 Utendlssz·be÷tg;;pem
979 2678 1038 2721 illa
1059 2707 1074 2730 ‚
1113 2677 1267 2722 salubris
1303 2678 1347 2724 &
