1680 3052
327 119 446 196 *176
615 119 1321 180 T1T1L1‘v'11

118 209 308 265 U,c.556‚
324 200 514 251 infamis
543 200 637 252 esse
669 202 863 253 Boeotia
889 205 1047 252 omnis
1085 204 1234 269 coepit
1271 220 1282 251 ε
1319 201 1372 251 &
1396 199 1608 254 timidius
1675 247 1680 252 .

118 267 306 321 a·C·196·
324 269 468 336 quam
491 271 537 318 in
554 269 738 320 hostico
761 272 926 339 egredi
943 271 1098 320 castris
1116 273 1272 320 miles.
1289 269 1422 320 Tum
1442 270 1607 336 Quin·
1626 318 1629 321 .

322 341 414 387 tius
448 338 639 405 legatos
676 340 737 388 ad
786 340 1090 406 querendum
1125 339 1186 388 de
1218 339 1478 388 latrociniis
1519 356 1606 404 per

322 407 544 457 civitates
573 409 739 456 mittit.
763 406 959 456 Plurimi
979 408 1166 473 pedites
1187 409 1310 455 circa
1328 405 1607 473 Copaidem

319 474 555 541 paludem
590 475 778 524 inventi
815 492 826 523 ε
856 475 924 523 ibi
960 492 1020 524 ex
1048 476 1167 524 limo
1202 488 1335 523 eruta
1370 475 1625 536 extraffiiaz

241 585 247 591 .
321 559 418 608 que
451 559 511 592 ex
545 541 715 609 stagno
747 543 1018 604 cadavera,
1052 543 1170 591 saxis
1207 558 1287 592 aut
1321 543 1567 610 amphoris
1589 542 1625 604 ,'

321 626 376 660 ut
395 610 616 677 pondere
634 611 936 660 traherentur
952 613 1000 660 in
1029 610 1324 678 profundum
1343 649 1359 669 ,
1389 629 1607 660 annexas
1678 631 1680 660 1

322 680 476 727 multa
505 677 719 729 facinora
740 678 1008 745 Acraephiae
1034 680 1087 728 &
1110 678 1356 728 Coroneae
1384 678 1507 728 fabia
1525 681 1608 728 in-

321 746 658 795 veniebantur.
701 745 939 812 Quintius
968 747 1127 813 primb
1161 750 1336 796 noxios
1368 749 1486 796 tradi
1519 746 1643 798 fibi·

318 813 476 879 justit,
522 816 575 864 ὃς
624 833 715 881 pro
753 818 1027 884 quingentis
1070 816 1297 865 militibus
1332 814 1444 883 (tot
1475 818 1607 866 euim

319 884 575 948 intercepti
611 883 787 950 erant)
828 901 860 945 4
890 886 1155 951 quingenta
1188 884 1369 933 talenta
1399 883 1608 934 Boeotos

318 950 566 1000 conferre.
597 952 828 1018 Quorum
859 966 1082 1001 neutrum
1114 969 1262 1017 quum
1290 949 1429 1001 fieret
1451 991 1466 1013 ,
1490 970 1608 1002 ver-

318 1017 393 1067 bis
422 1021 609 1068 tantum
644 1022 865 1070 civitates
903 1036 923 1086 5
958 1019 1267 1081 excusarent,
1299 1020 1413 1068 nihil
1442 1021 1608 1087 publi-

322 1104 385 1136 co
427 1087 626 1136 consilio
659 1086 837 1136 fsthrm
871 1086 999 1148 effe3
1031 1086 1175 1136 rniffis
1223 1087 1436 1137 Athenas
1474 1088 1524 1137 ὅ(
1555 1090 1607 1139 in

317 1154 562 1204 Achaiam
587 1156 756 1223 legatis
774 1194 790 1217 ‚
819 1156 849 1206 6
869 1158 950 1222 qui
978 1155 1264 1205 testarentur
1289 1155 1425 1205 sociis
1446 1195 1461 1217 ,
1483 1154 1607 1221 justo

162 1245 309 1288 Pacem
323 1225 504 1291 pioque
528 1224 661 1273 bello
698 1223 744 1274 se
770 1225 1126 1289 persecuturum
1144 1223 1353 1274 Boeotos
1375 1225 1474 1284 5&
1496 1243 1609 1276 cum

115 1324 231 1350 orare
243 1324 300 1350 co·
319 1307 455 1359 parte
488 1295 742 1360 copiarum
764 1292 818 1343 P.
854 1292 1065 1343 Claudio
1089 1292 1400 1360 Acraephiam
1421 1295 1487 1342 ire
1511 1291 1609 1358 jus--

109 1385 271 1428 guntur.
315 1361 404 1423 so,
440 1379 549 1411 cum
583 1377 720 1429 parte
763 1360 1051 1413 Coroneam
1098 1361 1398 1412 circumsedit
1434 1378 1446 1409 t
1479 1378 1608 1412 eva-

316 1429 448 1481 statis
483 1432 613 1497 prius
650 1432 771 1498 agris
795 1469 810 1493 ‚
845 1432 940 1496 qua
981 1432 1042 1480 ab
1083 1428 1238 1480 Elatia
1289 1430 1400 1488 duo}
1443 1429 1609 1480 diver-

313 1498 363 1550 sa
418 1502 610 1566 agmina
655 1501 772 1550 iere.
823 1500 931 1549 Hac
985 1498 1188 1567 perculsi
1220 1499 1357 1549 clade
1391 1497 1559 1548 Boeoti
1585 1511 1607 1561 ,·

312 1582 350 1632 7
378 1584 527 1634 quum
572 1571 736 1617 omnia
779 1583 967 1618 terrore
1004 1587 1057 1617 ac
1090 1567 1205 1635 fuga
1254 1566 1607 1634 complessent,

310 1636 503 1703 legatos
535 1639 731 1687 mittunt
763 1654 774 1685 ε
807 1639 888 1703 qui
923 1655 1073 1703 quum
1114 1639 1162 1685 in
1196 1635 1343 1686 castra
1376 1652 1477 1685 non
1510 1635 1607 1685 ad·-

310 1707 624 1756 mitterentur
640 1744 654 1766 ‚
684 1705 857 1754 Achaei
878 1703 1292 1771 Atheniensesque
1312 1704 1608 1772 supervene-

313 1787 444 1823 runt.
476 1773 586 1823 Plus
623 1774 915 1823 aneioritatis
950 1774 1114 1824 Achaei
1164 1774 1468 1834 habuerunt,
1507 1773 1606 1823 dea

312 1858 576 1909 precantes
601 1863 611 1891 ι
635 1843 663 1892 8
698 1861 782 1906 ac,
813 1844 862 1891 ni
891 1840 1221 1910 impetraffent
1242 1859 1415 1910 pacem
1447 1841 1609 1897 Boeo-J

376 1941 405 1979 4
446 1930 675 1988 Quingenta
714 1930 885 1971 talanta.
910 1933 928 1986 ]
994 1945 1039 1972 ac
1078 1931 1244 1971 territos
1275 1929 1354 1969 dici
1397 1929 1608 1983 complere

311 1991 480 2033 Marcas
511 1992 668 2047 argenti
697 1993 866 2044 46875.
995 1993 1128 2033 omnia
1173 2003 1334 2033 terrore
1376 2005 1423 2031 ac
1474 1991 1569 2047 fuga
1590 2018 1605 2039 ,

383 2066 402 2103 5
427 2052 693 2107 Excusarent‚
714 2055 731 2107 ]
756 2054 932 2108 Purgan-
995 2057 1111 2108 quam
1161 2063 1345 2095 mortuos
1397 2055 1608 2108 complere

313 2114 356 2154 di
378 2115 550 2155 criminis
573 2115 691 2156 causa
709 2116 897 2156 dicerent
918 2143 930 2164 ,
994 2116 1178 2156 lamentis
1206 2117 1346 2156 urbem
1370 2129 1380 2156 :
1403 2115 1512 2170 quod
1544 2116 1609 2156 lo-

312 2177 468 2230 mihin„
993 2179 1142 2232 quendi
1213 2191 1339 2233 genus
1402 2177 1607 2232 reperitur

378 2238 403 2278 6
424 2237 505 2296 Qui
522 2239 756 2288 testarentur
767 2236 927 2292 sociis]
992 2241 1098 2291 apud
1125 2239 1299 2281 nostrum
1319 2240 1347 2278 l.
1370 2239 1412 2282 V
1428 2265 1440 2285 ‚
1461 2252 1499 2278 e.
1529 2248 1604 2291 39.

312 2300 413 2341 Non
435 2301 663 2341 dubitamus
685 2301 777 2355 quin
792 2301 928 2341 Livius
993 2303 1060 2342 Sic
1092 2303 1133 2343 ὅ(
1164 2303 1192 2341 1.
1211 2301 1317 2345 V111
1332 2327 1346 2348 ,
1371 2314 1409 2340 c.
1425 2311 1451 2351 9
1474 2328 1484 2347 ,
1508 2316 1608 2341 con-

313 2362 520 2416 scripserit
536 2360 682 2414 socios.
982 2364 1167 2415 sternatae
1183 2364 1359 2403 cobortes
1373 2361 1610 2404 Latinorum

379 2438 404 2475 7
426 2423 553 2482 Quum
567 2424 697 2463 omnia
714 2436 863 2465 terrore
882 2438 929 2463 ac
985 2424 1121 2481 fugam
1137 2440 1183 2465 ac
1202 2425 1423 2475 vastitatem
1439 2423 1521 2464 [αεὲ
1540 2423 1607 2479 fe·

306 2483 413 2540 fugd
443 2484 743 2541 compleffent.]
789 2485 928 2537 Quum
993 2500 1147 2528 cerunt.

315 2548 448 2587 territi
497 2561 543 2587 ac
588 2548 791 2603 fugientes
841 2547 930 2588 tota
1056 2549 1079 2588 8
1101 2550 1162 2588 Ac
1182 2576 1193 2596 ‚
1219 2547 1261 2587 ηἱ
1281 2545 1558 2602 impetraffent.
1580 2545 1601 2601 ]

314 2608 477 2648 Boeotia
504 2609 801 2663 spargerentur.
835 2609 930 2648 Ma-
992 2610 1139 2650 Sensus
1177 2610 1374 2663 postulare
1408 2609 1566 2649 videtur
1587 2622 1611 2659 ς,

242 2685 250 2695 ·
314 2670 375 2725 gis
395 2672 534 2714 mirum
550 2686 633 2716 non
652 2671 708 2715 est
723 2671 929 2728 fugientes
992 2672 1099 2716 Nam
1114 2699 1126 2723 ,
1148 2672 1189 2714 ni
1205 2668 1485 2730 impetrassent·
1501 2670 1605 2717 Ideo
