<?xml version="1.0" encoding="UTF-8"?>
<!DOCTYPE html PUBLIC "-//W3C//DTD XHTML 1.0 Transitional//EN"
    "http://www.w3.org/TR/xhtml1/DTD/xhtml1-transitional.dtd">
<html xmlns="http://www.w3.org/1999/xhtml" xml:lang="en" lang="en">
 <head>
  <title>
</title>
<meta http-equiv="Content-Type" content="text/html;charset=utf-8" />
  <meta name='ocr-system' content='tesseract 3.04.00' />
  <meta name='ocr-capabilities' content='ocr_page ocr_carea ocr_par ocr_line ocrx_word'/>
</head>
<body>
  <div class='ocr_page' id='page_1' title='image "./tliviipatavinihi0301livy_0010.png"; bbox 0 0 1680 3052; ppageno 0'>
   <div class='ocr_carea' id='block_1_1' title="bbox 272 140 1234 208">
    <p class='ocr_par' dir='ltr' id='par_1_1' title="bbox 272 140 1234 208">
     <span class='ocr_line' id='line_1_1' title="bbox 272 140 1234 208; baseline 0.001 -1"><span class='ocrx_word' id='word_1_1' title='bbox 272 147 313 207; x_wconf 66' lang='lat'>‘6</span> <span class='ocrx_word' id='word_1_2' title='bbox 536 140 1234 208; x_wconf 73' lang='lat' dir='ltr'>T1T1L1v11</span> 
     </span>
    </p>
   </div>
   <div class='ocr_carea' id='block_1_2' title="bbox 66 226 1567 1594">
    <p class='ocr_par' dir='ltr' id='par_1_2' title="bbox 71 226 1556 299">
     <span class='ocr_line' id='line_1_2' title="bbox 71 226 1556 299; baseline 0.005 -23"><span class='ocrx_word' id='word_1_3' title='bbox 71 237 150 281; x_wconf 60' lang='grc' dir='ltr'>υς</span> <span class='ocrx_word' id='word_1_4' title='bbox 174 251 243 291; x_wconf 83' lang='lat'>551</span> <span class='ocrx_word' id='word_1_5' title='bbox 278 231 342 277; x_wconf 90' lang='lat' dir='ltr'>cis</span> <span class='ocrx_word' id='word_1_6' title='bbox 374 226 566 278; x_wconf 86' lang='lat' dir='ltr'>fuissent</span> <span class='ocrx_word' id='word_1_7' title='bbox 598 230 748 280; x_wconf 85' lang='lat' dir='ltr'>causa.</span> <span class='ocrx_word' id='word_1_8' title='bbox 771 228 972 279; x_wconf 87' lang='lat' dir='ltr'>Vacuos</span> <span class='ocrx_word' id='word_1_9' title='bbox 1006 232 1186 285; x_wconf 88' lang='lat' dir='ltr'>deinde</span> <span class='ocrx_word' id='word_1_10' title='bbox 1222 247 1340 299; x_wconf 90' lang='lat' dir='ltr'>pace</span> <span class='ocrx_word' id='word_1_11' title='bbox 1373 231 1556 284; x_wconf 58' lang='lat' dir='ltr'>Punica</span> 
     </span>
    </p>

    <p class='ocr_par' dir='ltr' id='par_1_3' title="bbox 69 294 1558 368">
     <span class='ocr_line' id='line_1_3' title="bbox 69 294 1558 368; baseline 0.004 -25"><span class='ocrx_word' id='word_1_12' title='bbox 69 294 374 361; x_wconf 49' lang='lat' dir='ltr'>&amp;Cam-jam</span> <span class='ocrx_word' id='word_1_13' title='bbox 394 296 648 347; x_wconf 86' lang='lat' dir='ltr'>Romanos</span> <span class='ocrx_word' id='word_1_14' title='bbox 668 335 681 358; x_wconf 92' lang='lat'>,</span> <span class='ocrx_word' id='word_1_15' title='bbox 714 299 765 347; x_wconf 88' lang='lat'>&amp;</span> <span class='ocrx_word' id='word_1_16' title='bbox 794 297 1004 347; x_wconf 87' lang='lat' dir='ltr'>infensos</span> <span class='ocrx_word' id='word_1_17' title='bbox 1034 299 1256 366; x_wconf 88' lang='lat' dir='ltr'>Philippo</span> <span class='ocrx_word' id='word_1_18' title='bbox 1277 338 1291 359; x_wconf 91' lang='lat'><strong>‚</strong></span> <span class='ocrx_word' id='word_1_19' title='bbox 1311 320 1458 368; x_wconf 87' lang='lat' dir='ltr'>quum</span> <span class='ocrx_word' id='word_1_20' title='bbox 1488 303 1558 351; x_wconf 86' lang='lat' dir='ltr'>ob</span> 
     </span>
    </p>

    <p class='ocr_par' dir='ltr' id='par_1_4' title="bbox 272 364 1561 436">
     <span class='ocr_line' id='line_1_4' title="bbox 272 364 1561 436; baseline 0.004 -23"><span class='ocrx_word' id='word_1_21' title='bbox 272 364 474 414; x_wconf 85' lang='lat' dir='ltr'>infidam</span> <span class='ocrx_word' id='word_1_22' title='bbox 522 366 752 414; x_wconf 74' lang='lat' dir='ltr'>adversus</span> <span class='ocrx_word' id='word_1_23' title='bbox 800 366 997 415; x_wconf 89' lang='lat' dir='ltr'>AEtolos</span> <span class='ocrx_word' id='word_1_24' title='bbox 1049 368 1262 434; x_wconf 87' lang='lat' dir='ltr'>aliosque</span> <span class='ocrx_word' id='word_1_25' title='bbox 1343 372 1561 436; x_wconf 84' lang='lat' dir='ltr'>regionis·</span> 
     </span>
    </p>

    <p class='ocr_par' dir='ltr' id='par_1_5' title="bbox 274 431 1556 500">
     <span class='ocr_line' id='line_1_5' title="bbox 274 431 1556 500; baseline 0.002 -18"><span class='ocrx_word' id='word_1_26' title='bbox 274 431 492 499; x_wconf 77' lang='lat' dir='ltr'>ejusdem</span> <span class='ocrx_word' id='word_1_27' title='bbox 536 432 693 483; x_wconf 86' lang='lat' dir='ltr'>socios</span> <span class='ocrx_word' id='word_1_28' title='bbox 729 450 902 500; x_wconf 88' lang='lat' dir='ltr'>pacem</span> <span class='ocrx_word' id='word_1_29' title='bbox 932 472 949 493; x_wconf 90' lang='lat'>‚</span> <span class='ocrx_word' id='word_1_30' title='bbox 984 449 1086 483; x_wconf 88' lang='lat' dir='ltr'>tum</span> <span class='ocrx_word' id='word_1_31' title='bbox 1125 436 1190 483; x_wconf 91' lang='lat' dir='ltr'>ob</span> <span class='ocrx_word' id='word_1_32' title='bbox 1236 437 1409 484; x_wconf 87' lang='lat' dir='ltr'>auxilia</span> <span class='ocrx_word' id='word_1_33' title='bbox 1445 454 1556 486; x_wconf 85' lang='lat' dir='ltr'>curn</span> 
     </span>
    </p>

    <p class='ocr_par' dir='ltr' id='par_1_6' title="bbox 273 500 1556 568">
     <span class='ocr_line' id='line_1_6' title="bbox 273 500 1556 568; baseline 0.001 -17"><span class='ocrx_word' id='word_1_34' title='bbox 273 504 480 568; x_wconf 85' lang='lat' dir='ltr'>pecunia</span> <span class='ocrx_word' id='word_1_35' title='bbox 511 517 665 568; x_wconf 83' lang='lat' dir='ltr'><strong>nuper</strong></span> <span class='ocrx_word' id='word_1_36' title='bbox 697 503 747 549; x_wconf 90' lang='lat' dir='ltr'>in</span> <span class='ocrx_word' id='word_1_37' title='bbox 775 501 991 550; x_wconf 77' lang='lat' dir='ltr'>Africam</span> <span class='ocrx_word' id='word_1_38' title='bbox 1020 500 1154 551; x_wconf 83' lang='lat' dir='ltr'>miffa</span> <span class='ocrx_word' id='word_1_39' title='bbox 1179 502 1405 552; x_wconf 82' lang='lat' dir='ltr'>Annibali</span> <span class='ocrx_word' id='word_1_40' title='bbox 1435 503 1556 552; x_wconf 79' lang='lat' dir='ltr'>Poe-</span> 
     </span>
    </p>

    <p class='ocr_par' dir='ltr' id='par_1_7' title="bbox 275 568 1560 638">
     <span class='ocr_line' id='line_1_7' title="bbox 275 568 1560 638; baseline 0.002 -20"><span class='ocrx_word' id='word_1_41' title='bbox 275 571 437 635; x_wconf 59' lang='lat' dir='ltr'>nisque</span> <span class='ocrx_word' id='word_1_42' title='bbox 463 608 478 630; x_wconf 90' lang='lat'><strong>‚</strong></span> <span class='ocrx_word' id='word_1_43' title='bbox 513 586 681 636; x_wconf 83' lang='lat' dir='ltr'><strong>preces</strong></span> <span class='ocrx_word' id='word_1_44' title='bbox 713 568 1115 630; x_wconf 73' lang='lat' dir='ltr'>Atheniensium,</span> <span class='ocrx_word' id='word_1_45' title='bbox 1140 588 1259 637; x_wconf 88' lang='lat' dir='ltr'>quos</span> <span class='ocrx_word' id='word_1_46' title='bbox 1292 589 1406 638; x_wconf 83' lang='lat' dir='ltr'>agro</span> <span class='ocrx_word' id='word_1_47' title='bbox 1437 590 1560 638; x_wconf 85' lang='lat' dir='ltr'>per-</span> 
     </span>
    </p>

    <p class='ocr_par' dir='ltr' id='par_1_8' title="bbox 271 637 1558 755">
     <span class='ocr_line' id='line_1_8' title="bbox 273 637 1558 705; baseline 0.004 -19"><span class='ocrx_word' id='word_1_48' title='bbox 273 637 458 687; x_wconf 80' lang='lat' dir='ltr'>vastato</span> <span class='ocrx_word' id='word_1_49' title='bbox 486 638 536 685; x_wconf 81' lang='lat' dir='ltr'>in</span> <span class='ocrx_word' id='word_1_50' title='bbox 568 638 739 686; x_wconf 86' lang='lat' dir='ltr'>urbem</span> <span class='ocrx_word' id='word_1_51' title='bbox 770 638 1073 705; x_wconf 82' lang='lat' dir='ltr'>compulerat</span> <span class='ocrx_word' id='word_1_52' title='bbox 1092 676 1105 700; x_wconf 86' lang='lat'>,</span> <span class='ocrx_word' id='word_1_53' title='bbox 1133 641 1464 690; x_wconf 84' lang='lat' dir='ltr'>excitaverunt</span> <span class='ocrx_word' id='word_1_54' title='bbox 1495 640 1558 691; x_wconf 72' lang='lat' dir='ltr'>ad</span> 
     </span>
     <span class='ocr_line' id='line_1_9' title="bbox 271 705 848 755; baseline 0 -1"><span class='ocrx_word' id='word_1_55' title='bbox 271 705 608 755; x_wconf 83' lang='lat' dir='ltr'>renovandum</span> <span class='ocrx_word' id='word_1_56' title='bbox 649 705 848 755; x_wconf 87' lang='lat' dir='ltr'>bellum.</span> 
     </span>
    </p>

    <p class='ocr_par' dir='ltr' id='par_1_9' title="bbox 345 772 1567 843">
     <span class='ocr_line' id='line_1_10' title="bbox 345 772 1567 843; baseline 0.004 -21"><span class='ocrx_word' id='word_1_57' title='bbox 345 773 409 822; x_wconf 87' lang='grc' dir='ltr'>ΙΙ.</span> <span class='ocrx_word' id='word_1_58' title='bbox 435 773 531 823; x_wconf 88' lang='lat' dir='ltr'>Sub</span> <span class='ocrx_word' id='word_1_59' title='bbox 564 773 696 821; x_wconf 88' lang='lat' dir='ltr'>idem</span> <span class='ocrx_word' id='word_1_60' title='bbox 721 772 823 824; x_wconf 73' lang='lat' dir='ltr'>fere</span> <span class='ocrx_word' id='word_1_61' title='bbox 853 788 1044 840; x_wconf 88' lang='lat' dir='ltr'>tempus</span> <span class='ocrx_word' id='word_1_62' title='bbox 1075 774 1126 823; x_wconf 68' lang='grc' dir='ltr'>δε</span> <span class='ocrx_word' id='word_1_63' title='bbox 1154 774 1212 823; x_wconf 86' lang='lat' dir='ltr'>ab</span> <span class='ocrx_word' id='word_1_64' title='bbox 1242 773 1412 825; x_wconf 78' lang='lat' dir='ltr'>Attalo</span> <span class='ocrx_word' id='word_1_65' title='bbox 1440 792 1567 843; x_wconf 78' lang='lat' dir='ltr'>rege.</span> 
     </span>
    </p>

    <p class='ocr_par' dir='ltr' id='par_1_10' title="bbox 275 841 1559 908">
     <span class='ocr_line' id='line_1_11' title="bbox 275 841 1559 908; baseline 0.002 -18"><span class='ocrx_word' id='word_1_66' title='bbox 275 841 332 890; x_wconf 70' lang='grc' dir='ltr'>ὃ(</span> <span class='ocrx_word' id='word_1_67' title='bbox 363 841 567 891; x_wconf 83' lang='lat' dir='ltr'>Rhodiis</span> <span class='ocrx_word' id='word_1_68' title='bbox 601 842 748 908; x_wconf 78' lang='lat' dir='ltr'>legati</span> <span class='ocrx_word' id='word_1_69' title='bbox 784 857 1024 891; x_wconf 85' lang='lat' dir='ltr'>venerunt</span> <span class='ocrx_word' id='word_1_70' title='bbox 1045 879 1060 902; x_wconf 81' lang='lat'>‚</span> <span class='ocrx_word' id='word_1_71' title='bbox 1089 844 1368 892; x_wconf 79' lang='lat' dir='ltr'>nunciantes</span> <span class='ocrx_word' id='word_1_72' title='bbox 1389 882 1404 905; x_wconf 84' lang='lat'>‚</span> <span class='ocrx_word' id='word_1_73' title='bbox 1434 844 1559 893; x_wconf 62' lang='lat' dir='ltr'>Asiae</span> 
     </span>
    </p>

    <p class='ocr_par' dir='ltr' id='par_1_11' title="bbox 275 907 1560 978">
     <span class='ocr_line' id='line_1_12' title="bbox 275 907 1560 978; baseline 0.002 -20"><span class='ocrx_word' id='word_1_74' title='bbox 275 926 473 976; x_wconf 84' lang='lat' dir='ltr'>quoque</span> <span class='ocrx_word' id='word_1_75' title='bbox 498 907 718 959; x_wconf 88' lang='lat' dir='ltr'>civitates</span> <span class='ocrx_word' id='word_1_76' title='bbox 753 907 1006 960; x_wconf 84' lang='lat' dir='ltr'>sollicitari.</span> <span class='ocrx_word' id='word_1_77' title='bbox 1025 909 1112 958; x_wconf 85' lang='lat' dir='ltr'>His</span> <span class='ocrx_word' id='word_1_78' title='bbox 1137 910 1459 978; x_wconf 81' lang='lat' dir='ltr'>legationibus</span> <span class='ocrx_word' id='word_1_79' title='bbox 1485 929 1560 961; x_wconf 87' lang='lat' dir='ltr'>re-</span> 
     </span>
    </p>

    <p class='ocr_par' dir='ltr' id='par_1_12' title="bbox 276 975 1558 1042">
     <span class='ocr_line' id='line_1_13' title="bbox 276 975 1558 1042; baseline 0.002 -16"><span class='ocrx_word' id='word_1_80' title='bbox 276 977 502 1042; x_wconf 84' lang='lat' dir='ltr'>sponsum</span> <span class='ocrx_word' id='word_1_81' title='bbox 536 975 602 1026; x_wconf 88' lang='lat' dir='ltr'>est</span> <span class='ocrx_word' id='word_1_82' title='bbox 625 1016 641 1039; x_wconf 84' lang='lat'><strong>,</strong></span> <span class='ocrx_word' id='word_1_83' title='bbox 667 995 791 1026; x_wconf 80' lang='lat' dir='ltr'>curae</span> <span class='ocrx_word' id='word_1_84' title='bbox 827 976 1051 1027; x_wconf 83' lang='lat' dir='ltr'>Afianam</span> <span class='ocrx_word' id='word_1_85' title='bbox 1086 995 1188 1027; x_wconf 85' lang='lat' dir='ltr'>reru</span> <span class='ocrx_word' id='word_1_86' title='bbox 1223 980 1400 1029; x_wconf 87' lang='lat' dir='ltr'>senatui</span> <span class='ocrx_word' id='word_1_87' title='bbox 1430 979 1558 1030; x_wconf 85' lang='lat' dir='ltr'>fore.</span> 
     </span>
    </p>

    <p class='ocr_par' dir='ltr' id='par_1_13' title="bbox 275 1045 1560 1116">
     <span class='ocr_line' id='line_1_14' title="bbox 275 1045 1560 1116; baseline 0.002 -21"><span class='ocrx_word' id='word_1_88' title='bbox 275 1045 586 1095; x_wconf 84' lang='lat' dir='ltr'>Consultatio</span> <span class='ocrx_word' id='word_1_89' title='bbox 630 1046 691 1095; x_wconf 89' lang='lat' dir='ltr'>de</span> <span class='ocrx_word' id='word_1_90' title='bbox 727 1045 1057 1103; x_wconf 88' lang='lat' dir='ltr'>Macedonico</span> <span class='ocrx_word' id='word_1_91' title='bbox 1093 1047 1226 1096; x_wconf 88' lang='lat' dir='ltr'>bello</span> <span class='ocrx_word' id='word_1_92' title='bbox 1275 1049 1459 1116; x_wconf 78' lang='lat' dir='ltr'>integra</span> <span class='ocrx_word' id='word_1_93' title='bbox 1497 1049 1560 1097; x_wconf 77' lang='lat' dir='ltr'>ad</span> 
     </span>
    </p>

    <p class='ocr_par' dir='ltr' id='par_1_14' title="bbox 274 1114 1558 1181">
     <span class='ocr_line' id='line_1_15' title="bbox 274 1114 1558 1181; baseline 0.002 -17"><span class='ocrx_word' id='word_1_94' title='bbox 274 1114 493 1164; x_wconf 87' lang='lat' dir='ltr'>consules</span> <span class='ocrx_word' id='word_1_95' title='bbox 513 1152 528 1175; x_wconf 71' lang='lat'><strong>‚</strong></span> <span class='ocrx_word' id='word_1_96' title='bbox 551 1115 632 1181; x_wconf 76' lang='lat' dir='ltr'>qui</span> <span class='ocrx_word' id='word_1_97' title='bbox 653 1130 769 1163; x_wconf 90' lang='lat' dir='ltr'>tunc</span> <span class='ocrx_word' id='word_1_98' title='bbox 790 1118 811 1158; x_wconf 86' lang='lat'>8</span> <span class='ocrx_word' id='word_1_99' title='bbox 831 1117 882 1163; x_wconf 85' lang='lat' dir='ltr'>in</span> <span class='ocrx_word' id='word_1_100' title='bbox 908 1115 1073 1180; x_wconf 85' lang='lat' dir='ltr'>praelio</span> <span class='ocrx_word' id='word_1_101' title='bbox 1101 1132 1211 1164; x_wconf 88' lang='lat' dir='ltr'>curn</span> <span class='ocrx_word' id='word_1_102' title='bbox 1231 1114 1363 1164; x_wconf 89' lang='lat' dir='ltr'>Boiis</span> <span class='ocrx_word' id='word_1_103' title='bbox 1389 1131 1558 1176; x_wconf 89' lang='lat' dir='ltr'>erant,</span> 
     </span>
    </p>

    <p class='ocr_par' dir='ltr' id='par_1_15' title="bbox 87 1180 1562 1251">
     <span class='ocr_line' id='line_1_16' title="bbox 87 1180 1562 1251; baseline 0.001 -19"><span class='ocrx_word' id='word_1_104' title='bbox 87 1196 91 1197; x_wconf 68' lang='grc'>’</span> <span class='ocrx_word' id='word_1_105' title='bbox 124 1180 452 1248; x_wconf 66' lang='lat' dir='ltr'>legatirejeEta</span> <span class='ocrx_word' id='word_1_106' title='bbox 485 1181 571 1233; x_wconf 90' lang='lat' dir='ltr'>est.</span> <span class='ocrx_word' id='word_1_107' title='bbox 602 1180 804 1232; x_wconf 76' lang='lat' dir='ltr'>Interim</span> <span class='ocrx_word' id='word_1_108' title='bbox 843 1197 868 1238; x_wconf 93' lang='lat'>9</span> <span class='ocrx_word' id='word_1_109' title='bbox 912 1183 972 1231; x_wconf 89' lang='lat' dir='ltr'>ad</span> <span class='ocrx_word' id='word_1_110' title='bbox 1008 1182 1327 1232; x_wconf 77' lang='lat' dir='ltr'>Ptolemaeum</span> <span class='ocrx_word' id='word_1_111' title='bbox 1356 1185 1562 1251; x_wconf 79' lang='lat' dir='ltr'>AEgypti</span> 
     </span>
    </p>

    <p class='ocr_par' dir='ltr' id='par_1_16' title="bbox 77 1244 1560 1320">
     <span class='ocr_line' id='line_1_17' title="bbox 77 1244 1560 1320; baseline -0.001 -17"><span class='ocrx_word' id='word_1_112' title='bbox 77 1244 120 1287; x_wconf 62' lang='lat'>²⁶⁷²</span> <span class='ocrx_word' id='word_1_113' title='bbox 136 1248 445 1320; x_wconf 45' lang='lat' dir='ltr'>Agar-regem</span> <span class='ocrx_word' id='word_1_114' title='bbox 486 1251 635 1318; x_wconf 85' lang='lat' dir='ltr'>legati</span> <span class='ocrx_word' id='word_1_115' title='bbox 665 1267 761 1300; x_wconf 91' lang='lat' dir='ltr'>tres</span> <span class='ocrx_word' id='word_1_116' title='bbox 804 1249 924 1299; x_wconf 86' lang='lat' dir='ltr'>miffi</span> <span class='ocrx_word' id='word_1_117' title='bbox 956 1289 971 1311; x_wconf 85' lang='lat'>‚</span> <span class='ocrx_word' id='word_1_118' title='bbox 1010 1249 1072 1301; x_wconf 87' lang='lat' dir='ltr'>C.</span> <span class='ocrx_word' id='word_1_119' title='bbox 1112 1250 1345 1301; x_wconf 87' lang='lat' dir='ltr'>Claudius</span> <span class='ocrx_word' id='word_1_120' title='bbox 1380 1252 1517 1302; x_wconf 87' lang='lat' dir='ltr'>Nero</span> <span class='ocrx_word' id='word_1_121' title='bbox 1541 1291 1560 1315; x_wconf 88' lang='lat'><strong>,</strong></span> 
     </span>
    </p>

    <p class='ocr_par' dir='ltr' id='par_1_17' title="bbox 66 1317 1562 1390">
     <span class='ocr_line' id='line_1_18' title="bbox 66 1317 1562 1390; baseline 0.004 -26"><span class='ocrx_word' id='word_1_122' title='bbox 66 1319 197 1364; x_wconf 72' lang='lat' dir='ltr'>ptum.</span> <span class='ocrx_word' id='word_1_123' title='bbox 277 1321 355 1371; x_wconf 90' lang='lat' dir='ltr'>M.</span> <span class='ocrx_word' id='word_1_124' title='bbox 383 1320 606 1390; x_wconf 79' lang='lat' dir='ltr'>AEmilius</span> <span class='ocrx_word' id='word_1_125' title='bbox 637 1318 848 1387; x_wconf 86' lang='lat' dir='ltr'>Lepidus</span> <span class='ocrx_word' id='word_1_126' title='bbox 867 1357 882 1380; x_wconf 87' lang='lat'>‚</span> <span class='ocrx_word' id='word_1_127' title='bbox 914 1317 965 1368; x_wconf 88' lang='lat' dir='ltr'>P.</span> <span class='ocrx_word' id='word_1_128' title='bbox 1000 1318 1314 1387; x_wconf 89' lang='lat' dir='ltr'>Sempronius</span> <span class='ocrx_word' id='word_1_129' title='bbox 1342 1320 1562 1370; x_wconf 78' lang='lat' dir='ltr'>Tudita-</span> 
     </span>
    </p>

    <p class='ocr_par' dir='ltr' id='par_1_18' title="bbox 273 1389 1564 1442">
     <span class='ocr_line' id='line_1_19' title="bbox 273 1389 1564 1442; baseline 0.001 -2"><span class='ocrx_word' id='word_1_130' title='bbox 273 1408 364 1440; x_wconf 89' lang='lat' dir='ltr'>nus</span> <span class='ocrx_word' id='word_1_131' title='bbox 407 1408 419 1439; x_wconf 91' lang='lat'><strong>:</strong></span> <span class='ocrx_word' id='word_1_132' title='bbox 459 1403 511 1439; x_wconf 92' lang='lat' dir='ltr'>ut</span> <span class='ocrx_word' id='word_1_133' title='bbox 552 1390 606 1439; x_wconf 88' lang='lat'>&amp;</span> <span class='ocrx_word' id='word_1_134' title='bbox 643 1389 991 1438; x_wconf 86' lang='lat' dir='ltr'>annunciarent</span> <span class='ocrx_word' id='word_1_135' title='bbox 1037 1389 1218 1438; x_wconf 61' lang='lat' dir='ltr'>victum</span> <span class='ocrx_word' id='word_1_136' title='bbox 1263 1389 1564 1442; x_wconf 81' lang='lat' dir='ltr'>Annibalem·</span> 
     </span>
    </p>

    <p class='ocr_par' dir='ltr' id='par_1_19' title="bbox 272 1458 1559 1526">
     <span class='ocr_line' id='line_1_20' title="bbox 272 1458 1559 1526; baseline -0.001 -17"><span class='ocrx_word' id='word_1_137' title='bbox 272 1459 578 1525; x_wconf 77' lang='lat' dir='ltr'>Poenosque,</span> <span class='ocrx_word' id='word_1_138' title='bbox 603 1458 657 1508; x_wconf 85' lang='lat'>&amp;</span> <span class='ocrx_word' id='word_1_139' title='bbox 688 1459 860 1526; x_wconf 84' lang='lat' dir='ltr'>gratias</span> <span class='ocrx_word' id='word_1_140' title='bbox 891 1473 1094 1525; x_wconf 83' lang='lat' dir='ltr'>agerent</span> <span class='ocrx_word' id='word_1_141' title='bbox 1119 1460 1258 1526; x_wconf 84' lang='lat' dir='ltr'>regi,</span> <span class='ocrx_word' id='word_1_142' title='bbox 1291 1475 1310 1504; x_wconf 91' lang='lat'>1</span> <span class='ocrx_word' id='word_1_143' title='bbox 1342 1459 1473 1526; x_wconf 75' lang='lat' dir='ltr'>quod</span> <span class='ocrx_word' id='word_1_144' title='bbox 1509 1461 1559 1509; x_wconf 74' lang='lat' dir='ltr'>in</span> 
     </span>
    </p>

    <p class='ocr_par' dir='ltr' id='par_1_20' title="bbox 269 1524 1563 1594">
     <span class='ocr_line' id='line_1_21' title="bbox 269 1524 1563 1594; baseline -0.002 -14"><span class='ocrx_word' id='word_1_145' title='bbox 269 1529 418 1580; x_wconf 77' lang='lat' dir='ltr'>rebus</span> <span class='ocrx_word' id='word_1_146' title='bbox 455 1528 610 1578; x_wconf 87' lang='lat' dir='ltr'>dubiis</span> <span class='ocrx_word' id='word_1_147' title='bbox 634 1564 649 1591; x_wconf 92' lang='lat'>,</span> <span class='ocrx_word' id='word_1_148' title='bbox 688 1544 838 1594; x_wconf 89' lang='lat' dir='ltr'>quum</span> <span class='ocrx_word' id='word_1_149' title='bbox 878 1524 1072 1576; x_wconf 86' lang='lat' dir='ltr'>finitimi</span> <span class='ocrx_word' id='word_1_150' title='bbox 1110 1529 1256 1577; x_wconf 86' lang='lat' dir='ltr'>etiam</span> <span class='ocrx_word' id='word_1_151' title='bbox 1295 1525 1411 1577; x_wconf 88' lang='lat' dir='ltr'>socii</span> <span class='ocrx_word' id='word_1_152' title='bbox 1445 1525 1563 1586; x_wconf 72' lang='lat' dir='ltr'>Ro·-⁴</span> 
     </span>
    </p>
   </div>
   <div class='ocr_carea' id='block_1_3' title="bbox 265 1639 893 2758">
    <p class='ocr_par' dir='ltr' id='par_1_21' title="bbox 267 1639 885 1814">
     <span class='ocr_line' id='line_1_22' title="bbox 267 1639 885 1697; baseline -0.005 -13"><span class='ocrx_word' id='word_1_153' title='bbox 267 1641 345 1684; x_wconf 83' lang='lat' dir='ltr'>fuit</span> <span class='ocrx_word' id='word_1_154' title='bbox 373 1641 424 1683; x_wconf 80' lang='lat' dir='ltr'>ad</span> <span class='ocrx_word' id='word_1_155' title='bbox 449 1655 588 1696; x_wconf 82' lang='lat' dir='ltr'>pacem</span> <span class='ocrx_word' id='word_1_156' title='bbox 613 1654 775 1697; x_wconf 87' lang='lat' dir='ltr'>quoque</span> <span class='ocrx_word' id='word_1_157' title='bbox 795 1639 885 1681; x_wconf 88' lang='lat' dir='ltr'>ani-</span> 
     </span>
     <span class='ocr_line' id='line_1_23' title="bbox 269 1703 885 1759; baseline 0 -14"><span class='ocrx_word' id='word_1_158' title='bbox 269 1718 358 1746; x_wconf 86' lang='lat' dir='ltr'>mos</span> <span class='ocrx_word' id='word_1_159' title='bbox 391 1704 604 1745; x_wconf 82' lang='lat' dir='ltr'>inclinare.</span> <span class='ocrx_word' id='word_1_160' title='bbox 632 1703 733 1749; x_wconf 84' lang='lat' dir='ltr'>Vid.</span> <span class='ocrx_word' id='word_1_161' title='bbox 769 1703 885 1759; x_wconf 64' lang='lat' dir='ltr'>supra</span> 
     </span>
     <span class='ocr_line' id='line_1_24' title="bbox 269 1765 609 1814; baseline -0.006 -5"><span class='ocrx_word' id='word_1_162' title='bbox 269 1765 422 1809; x_wconf 87' lang='lat' dir='ltr'>XXIX</span> <span class='ocrx_word' id='word_1_163' title='bbox 441 1794 452 1814; x_wconf 92' lang='lat'>,</span> <span class='ocrx_word' id='word_1_164' title='bbox 474 1780 511 1807; x_wconf 84' lang='lat' dir='ltr'>c.</span> <span class='ocrx_word' id='word_1_165' title='bbox 539 1778 554 1807; x_wconf 89' lang='lat'>1</span> <span class='ocrx_word' id='word_1_166' title='bbox 567 1779 609 1807; x_wconf 81' lang='lat'>2.</span> 
     </span>
    </p>

    <p class='ocr_par' dir='ltr' id='par_1_22' title="bbox 265 1826 887 2325">
     <span class='ocr_line' id='line_1_25' title="bbox 335 1826 886 1884; baseline -0.002 -14"><span class='ocrx_word' id='word_1_167' title='bbox 335 1828 360 1870; x_wconf 87' lang='lat'>8</span> <span class='ocrx_word' id='word_1_168' title='bbox 400 1827 449 1868; x_wconf 81' lang='lat' dir='ltr'>In</span> <span class='ocrx_word' id='word_1_169' title='bbox 478 1828 620 1884; x_wconf 74' lang='lat' dir='ltr'>pralio</span> <span class='ocrx_word' id='word_1_170' title='bbox 654 1842 736 1869; x_wconf 83' lang='lat' dir='ltr'>cum</span> <span class='ocrx_word' id='word_1_171' title='bbox 767 1826 886 1869; x_wconf 77' lang='lat' dir='ltr'>Boiis</span> 
     </span>
     <span class='ocr_line' id='line_1_26' title="bbox 271 1889 884 1946; baseline -0.003 -14"><span class='ocrx_word' id='word_1_172' title='bbox 271 1891 430 1945; x_wconf 83' lang='lat' dir='ltr'>erant.]</span> <span class='ocrx_word' id='word_1_173' title='bbox 453 1890 543 1932; x_wconf 87' lang='lat' dir='ltr'>Hoc</span> <span class='ocrx_word' id='word_1_174' title='bbox 558 1901 792 1946; x_wconf 84' lang='lat' dir='ltr'>corruptum</span> <span class='ocrx_word' id='word_1_175' title='bbox 813 1889 884 1931; x_wconf 83' lang='lat' dir='ltr'>est.</span> 
     </span>
     <span class='ocr_line' id='line_1_27' title="bbox 269 1953 885 2008; baseline 0.002 -15"><span class='ocrx_word' id='word_1_176' title='bbox 269 1953 419 2008; x_wconf 86' lang='lat' dir='ltr'>Neque</span> <span class='ocrx_word' id='word_1_177' title='bbox 436 1954 544 1993; x_wconf 86' lang='lat' dir='ltr'>enim</span> <span class='ocrx_word' id='word_1_178' title='bbox 561 1954 680 1994; x_wconf 84' lang='lat' dir='ltr'>ambo</span> <span class='ocrx_word' id='word_1_179' title='bbox 698 1953 885 1994; x_wconf 85' lang='lat' dir='ltr'>consules</span> 
     </span>
     <span class='ocr_line' id='line_1_28' title="bbox 267 2014 885 2073; baseline -0.002 -17"><span class='ocrx_word' id='word_1_180' title='bbox 267 2014 310 2058; x_wconf 76' lang='lat' dir='ltr'>in</span> <span class='ocrx_word' id='word_1_181' title='bbox 330 2015 525 2058; x_wconf 86' lang='lat' dir='ltr'>Boiorum</span> <span class='ocrx_word' id='word_1_182' title='bbox 542 2030 639 2073; x_wconf 84' lang='lat' dir='ltr'>agro</span> <span class='ocrx_word' id='word_1_183' title='bbox 658 2025 773 2058; x_wconf 85' lang='lat' dir='ltr'>erant</span> <span class='ocrx_word' id='word_1_184' title='bbox 787 2043 798 2062; x_wconf 88' lang='lat'>‚</span> <span class='ocrx_word' id='word_1_185' title='bbox 817 2014 885 2056; x_wconf 86' lang='lat' dir='ltr'>sed</span> 
     </span>
     <span class='ocr_line' id='line_1_29' title="bbox 268 2076 884 2128; baseline -0.008 -4"><span class='ocrx_word' id='word_1_186' title='bbox 268 2082 374 2124; x_wconf 78' lang='lat' dir='ltr'>alter</span> <span class='ocrx_word' id='word_1_187' title='bbox 421 2078 575 2121; x_wconf 77' lang='lat' dir='ltr'>tanturn</span> <span class='ocrx_word' id='word_1_188' title='bbox 601 2109 612 2128; x_wconf 94' lang='lat'>,</span> <span class='ocrx_word' id='word_1_189' title='bbox 648 2078 694 2120; x_wconf 89' lang='lat' dir='ltr'>P.</span> <span class='ocrx_word' id='word_1_190' title='bbox 731 2076 884 2119; x_wconf 86' lang='lat' dir='ltr'>AElius.</span> 
     </span>
     <span class='ocr_line' id='line_1_30' title="bbox 270 2140 887 2197; baseline -0.008 -12"><span class='ocrx_word' id='word_1_191' title='bbox 270 2144 357 2189; x_wconf 87' lang='lat' dir='ltr'>Jam</span> <span class='ocrx_word' id='word_1_192' title='bbox 378 2141 480 2185; x_wconf 74' lang='lat' dir='ltr'>vero</span> <span class='ocrx_word' id='word_1_193' title='bbox 499 2142 593 2197; x_wconf 89' lang='lat' dir='ltr'>quid</span> <span class='ocrx_word' id='word_1_194' title='bbox 615 2140 683 2181; x_wconf 85' lang='lat' dir='ltr'>fibi</span> <span class='ocrx_word' id='word_1_195' title='bbox 702 2141 789 2181; x_wconf 90' lang='lat' dir='ltr'>vult</span> <span class='ocrx_word' id='word_1_196' title='bbox 813 2169 824 2189; x_wconf 89' lang='lat'>,</span> <span class='ocrx_word' id='word_1_197' title='bbox 843 2144 887 2181; x_wconf 77' lang='lat' dir='ltr'>in</span> 
     </span>
     <span class='ocr_line' id='line_1_31' title="bbox 265 2201 886 2264; baseline -0.008 -17"><span class='ocrx_word' id='word_1_198' title='bbox 265 2206 409 2264; x_wconf 47' lang='lat' dir='ltr'>prelio</span> <span class='ocrx_word' id='word_1_199' title='bbox 452 2217 563 2246; x_wconf 81' lang='lat' dir='ltr'>erant</span> <span class='ocrx_word' id='word_1_200' title='bbox 588 2203 609 2244; x_wconf 83' lang='lat'><em>?</em></span> <span class='ocrx_word' id='word_1_201' title='bbox 648 2204 758 2260; x_wconf 86' lang='lat' dir='ltr'>Lege</span> <span class='ocrx_word' id='word_1_202' title='bbox 786 2230 799 2252; x_wconf 88' lang='lat'>‚</span> <span class='ocrx_word' id='word_1_203' title='bbox 845 2201 886 2242; x_wconf 79' lang='lat' dir='ltr'>in</span> 
     </span>
     <span class='ocr_line' id='line_1_32' title="bbox 266 2268 638 2325; baseline -0.011 -14"><span class='ocrx_word' id='word_1_204' title='bbox 266 2268 490 2325; x_wconf 75' lang='lat' dir='ltr'>provinciis</span> <span class='ocrx_word' id='word_1_205' title='bbox 511 2278 638 2308; x_wconf 82' lang='lat' dir='ltr'>erant.</span> 
     </span>
    </p>

    <p class='ocr_par' dir='ltr' id='par_1_23' title="bbox 275 2329 893 2758">
     <span class='ocr_line' id='line_1_33' title="bbox 338 2329 887 2384; baseline -0.005 -14"><span class='ocrx_word' id='word_1_206' title='bbox 338 2342 364 2384; x_wconf 90' lang='lat'>9</span> <span class='ocrx_word' id='word_1_207' title='bbox 385 2330 454 2370; x_wconf 84' lang='lat' dir='ltr'>Ad</span> <span class='ocrx_word' id='word_1_208' title='bbox 469 2329 718 2370; x_wconf 79' lang='lat' dir='ltr'>Ptolemaeum</span> <span class='ocrx_word' id='word_1_209' title='bbox 735 2329 887 2382; x_wconf 76' lang='lat' dir='ltr'><em>AEgyp·</em></span> 
     </span>
     <span class='ocr_line' id='line_1_34' title="bbox 275 2391 888 2449; baseline -0.01 -16"><span class='ocrx_word' id='word_1_210' title='bbox 275 2393 310 2434; x_wconf 82' lang='lat' dir='ltr'>ti</span> <span class='ocrx_word' id='word_1_211' title='bbox 340 2392 518 2449; x_wconf 64' lang='lat' dir='ltr'>regem]</span> <span class='ocrx_word' id='word_1_212' title='bbox 545 2391 666 2431; x_wconf 89' lang='lat' dir='ltr'>Tunc</span> <span class='ocrx_word' id='word_1_213' title='bbox 694 2391 888 2445; x_wconf 80' lang='lat' dir='ltr'>regnabat</span> 
     </span>
     <span class='ocr_line' id='line_1_35' title="bbox 275 2450 889 2510; baseline -0.01 -14"><span class='ocrx_word' id='word_1_214' title='bbox 275 2456 313 2496; x_wconf 83' lang='lat' dir='ltr'>in</span> <span class='ocrx_word' id='word_1_215' title='bbox 330 2454 516 2510; x_wconf 81' lang='lat' dir='ltr'>AEgypto</span> <span class='ocrx_word' id='word_1_216' title='bbox 535 2452 778 2493; x_wconf 82' lang='lat' dir='ltr'>Ptolemaeus</span> <span class='ocrx_word' id='word_1_217' title='bbox 797 2450 889 2504; x_wconf 83' lang='lat' dir='ltr'>Epi-</span> 
     </span>
     <span class='ocr_line' id='line_1_36' title="bbox 276 2512 891 2571; baseline -0.008 -14"><span class='ocrx_word' id='word_1_218' title='bbox 276 2518 432 2571; x_wconf 83' lang='lat' dir='ltr'>phanes</span> <span class='ocrx_word' id='word_1_219' title='bbox 452 2544 462 2564; x_wconf 90' lang='lat'>,</span> <span class='ocrx_word' id='word_1_220' title='bbox 483 2512 612 2570; x_wconf 77' lang='lat' dir='ltr'>‘&#39;quem</span> <span class='ocrx_word' id='word_1_221' title='bbox 642 2525 758 2568; x_wconf 85' lang='lat' dir='ltr'>pater</span> <span class='ocrx_word' id='word_1_222' title='bbox 789 2527 891 2568; x_wconf 85' lang='lat' dir='ltr'>qua-</span> 
     </span>
     <span class='ocr_line' id='line_1_37' title="bbox 278 2576 888 2621; baseline -0.008 -2"><span class='ocrx_word' id='word_1_223' title='bbox 278 2577 464 2619; x_wconf 85' lang='lat' dir='ltr'>driennio</span> <span class='ocrx_word' id='word_1_224' title='bbox 486 2579 577 2618; x_wconf 79' lang='lat' dir='ltr'>ante</span> <span class='ocrx_word' id='word_1_225' title='bbox 599 2576 681 2617; x_wconf 58' lang='lat' dir='ltr'>vit&amp;</span> <span class='ocrx_word' id='word_1_226' title='bbox 703 2576 854 2616; x_wconf 84' lang='lat' dir='ltr'>cedens</span> <span class='ocrx_word' id='word_1_227' title='bbox 876 2602 888 2621; x_wconf 85' lang='lat'>,</span> 
     </span>
     <span class='ocr_line' id='line_1_38' title="bbox 279 2640 891 2692; baseline -0.005 -12"><span class='ocrx_word' id='word_1_228' title='bbox 279 2654 386 2680; x_wconf 74' lang='lat' dir='ltr'>anno</span> <span class='ocrx_word' id='word_1_229' title='bbox 406 2655 447 2680; x_wconf 86' lang='lat' dir='ltr'>u.</span> <span class='ocrx_word' id='word_1_230' title='bbox 469 2655 504 2680; x_wconf 84' lang='lat' dir='ltr'>c.</span> <span class='ocrx_word' id='word_1_231' title='bbox 532 2640 613 2692; x_wconf 81' lang='lat'>548</span> <span class='ocrx_word' id='word_1_232' title='bbox 633 2671 645 2690; x_wconf 92' lang='lat'>,</span> <span class='ocrx_word' id='word_1_233' title='bbox 665 2653 702 2679; x_wconf 84' lang='lat' dir='ltr'>a.</span> <span class='ocrx_word' id='word_1_234' title='bbox 719 2653 755 2678; x_wconf 87' lang='lat' dir='ltr'>c.</span> <span class='ocrx_word' id='word_1_235' title='bbox 776 2649 891 2687; x_wconf 85' lang='lat'>204,</span> 
     </span>
     <span class='ocr_line' id='line_1_39' title="bbox 281 2698 893 2758; baseline 0 -16"><span class='ocrx_word' id='word_1_236' title='bbox 281 2701 528 2756; x_wconf 79' lang='lat' dir='ltr'>quadrimum</span> <span class='ocrx_word' id='word_1_237' title='bbox 555 2701 789 2758; x_wconf 79' lang='lat' dir='ltr'>reliquerat.</span> <span class='ocrx_word' id='word_1_238' title='bbox 810 2698 893 2742; x_wconf 77' lang='lat' dir='ltr'>Ita-</span> 
     </span>
    </p>
   </div>
   <div class='ocr_carea' id='block_1_4' title="bbox 943 1639 1568 2693">
    <p class='ocr_par' dir='ltr' id='par_1_24' title="bbox 947 1639 1568 2118">
     <span class='ocr_line' id='line_1_40' title="bbox 949 1639 1565 1696; baseline 0 -14"><span class='ocrx_word' id='word_1_239' title='bbox 949 1655 1026 1696; x_wconf 84' lang='lat' dir='ltr'>que</span> <span class='ocrx_word' id='word_1_240' title='bbox 1046 1640 1109 1683; x_wconf 81' lang='lat' dir='ltr'>hae</span> <span class='ocrx_word' id='word_1_241' title='bbox 1138 1639 1353 1696; x_wconf 76' lang='lat' dir='ltr'>gratiarum</span> <span class='ocrx_word' id='word_1_242' title='bbox 1381 1639 1565 1682; x_wconf 66' lang='lat' dir='ltr'>actiones</span> 
     </span>
     <span class='ocr_line' id='line_1_41' title="bbox 949 1702 1563 1758; baseline 0 -14"><span class='ocrx_word' id='word_1_243' title='bbox 949 1719 1037 1758; x_wconf 85' lang='lat' dir='ltr'>quae</span> <span class='ocrx_word' id='word_1_244' title='bbox 1073 1704 1295 1758; x_wconf 82' lang='lat' dir='ltr'>sequuntur</span> <span class='ocrx_word' id='word_1_245' title='bbox 1315 1731 1326 1749; x_wconf 95' lang='lat'><strong>‚</strong></span> <span class='ocrx_word' id='word_1_246' title='bbox 1356 1717 1436 1744; x_wconf 88' lang='lat' dir='ltr'>non</span> <span class='ocrx_word' id='word_1_247' title='bbox 1465 1702 1563 1757; x_wconf 82' lang='lat' dir='ltr'>pos-</span> 
     </span>
     <span class='ocr_line' id='line_1_42' title="bbox 949 1763 1562 1820; baseline 0 -14"><span class='ocrx_word' id='word_1_248' title='bbox 949 1766 1038 1806; x_wconf 85' lang='lat' dir='ltr'>sunt</span> <span class='ocrx_word' id='word_1_249' title='bbox 1055 1766 1199 1807; x_wconf 86' lang='lat' dir='ltr'>refetri</span> <span class='ocrx_word' id='word_1_250' title='bbox 1217 1766 1265 1805; x_wconf 85' lang='lat' dir='ltr'>ad</span> <span class='ocrx_word' id='word_1_251' title='bbox 1283 1763 1413 1805; x_wconf 81' lang='lat' dir='ltr'>officia</span> <span class='ocrx_word' id='word_1_252' title='bbox 1429 1780 1447 1804; x_wconf 81' lang='lat' dir='ltr'>a</span> <span class='ocrx_word' id='word_1_253' title='bbox 1463 1777 1562 1820; x_wconf 81' lang='lat' dir='ltr'>rege</span> 
     </span>
     <span class='ocr_line' id='line_1_43' title="bbox 947 1826 1560 1884; baseline -0.008 -14"><span class='ocrx_word' id='word_1_254' title='bbox 947 1843 1078 1884; x_wconf 86' lang='lat' dir='ltr'>puero</span> <span class='ocrx_word' id='word_1_255' title='bbox 1098 1829 1245 1869; x_wconf 80' lang='lat' dir='ltr'>collata</span> <span class='ocrx_word' id='word_1_256' title='bbox 1264 1827 1304 1867; x_wconf 86' lang='lat' dir='ltr'>in</span> <span class='ocrx_word' id='word_1_257' title='bbox 1323 1826 1531 1868; x_wconf 81' lang='lat' dir='ltr'>Romanos</span> <span class='ocrx_word' id='word_1_258' title='bbox 1547 1853 1560 1874; x_wconf 89' lang='lat'>,</span> 
     </span>
     <span class='ocr_line' id='line_1_44' title="bbox 949 1887 1561 1946; baseline -0.008 -14"><span class='ocrx_word' id='word_1_259' title='bbox 949 1906 1037 1946; x_wconf 81' lang='lat' dir='ltr'>quae</span> <span class='ocrx_word' id='word_1_260' title='bbox 1072 1892 1180 1931; x_wconf 83' lang='lat' dir='ltr'>nulla</span> <span class='ocrx_word' id='word_1_261' title='bbox 1217 1899 1332 1930; x_wconf 80' lang='lat' dir='ltr'>erant</span> <span class='ocrx_word' id='word_1_262' title='bbox 1365 1916 1375 1936; x_wconf 89' lang='lat'><strong>,</strong></span> <span class='ocrx_word' id='word_1_263' title='bbox 1411 1888 1477 1928; x_wconf 82' lang='lat' dir='ltr'>sed</span> <span class='ocrx_word' id='word_1_264' title='bbox 1511 1887 1561 1928; x_wconf 75' lang='lat' dir='ltr'>ad</span> 
     </span>
     <span class='ocr_line' id='line_1_45' title="bbox 949 1951 1565 2008; baseline -0.008 -14"><span class='ocrx_word' id='word_1_265' title='bbox 949 1954 1038 2008; x_wconf 82' lang='lat' dir='ltr'>ejus</span> <span class='ocrx_word' id='word_1_266' title='bbox 1088 1963 1246 2007; x_wconf 81' lang='lat' dir='ltr'>patrem</span> <span class='ocrx_word' id='word_1_267' title='bbox 1298 1951 1340 1992; x_wconf 86' lang='lat'>&amp;</span> <span class='ocrx_word' id='word_1_268' title='bbox 1392 1962 1565 2005; x_wconf 81' lang='lat' dir='ltr'>regnum</span> 
     </span>
     <span class='ocr_line' id='line_1_46' title="bbox 950 2014 1568 2072; baseline -0.01 -15"><span class='ocrx_word' id='word_1_269' title='bbox 950 2015 1142 2072; x_wconf 80' lang='lat' dir='ltr'>AEgypti.</span> <span class='ocrx_word' id='word_1_270' title='bbox 1166 2014 1265 2057; x_wconf 80' lang='lat' dir='ltr'>vid.</span> <span class='ocrx_word' id='word_1_271' title='bbox 1299 2022 1436 2053; x_wconf 76' lang='lat' dir='ltr'>notam</span> <span class='ocrx_word' id='word_1_272' title='bbox 1466 2025 1568 2066; x_wconf 82' lang='lat' dir='ltr'>pro-</span> 
     </span>
     <span class='ocr_line' id='line_1_47' title="bbox 949 2075 1321 2118; baseline -0.008 0"><span class='ocrx_word' id='word_1_273' title='bbox 949 2075 1054 2118; x_wconf 78' lang='lat' dir='ltr'>xime</span> <span class='ocrx_word' id='word_1_274' title='bbox 1081 2077 1321 2118; x_wconf 81' lang='lat' dir='ltr'>secuturam.</span> 
     </span>
    </p>

    <p class='ocr_par' dir='ltr' id='par_1_25' title="bbox 943 2131 1568 2693">
     <span class='ocr_line' id='line_1_48' title="bbox 1016 2131 1564 2198; baseline -0.013 -18"><span class='ocrx_word' id='word_1_275' title='bbox 1016 2151 1035 2180; x_wconf 94' lang='lat'>1</span> <span class='ocrx_word' id='word_1_276' title='bbox 1066 2139 1234 2198; x_wconf 61' lang='lat' dir='ltr'>Quodm</span> <span class='ocrx_word' id='word_1_277' title='bbox 1256 2137 1294 2178; x_wconf 79' lang='lat' dir='ltr'>in</span> <span class='ocrx_word' id='word_1_278' title='bbox 1307 2135 1392 2193; x_wconf 78' lang='lat' dir='ltr'>fide</span> <span class='ocrx_word' id='word_1_279' title='bbox 1409 2131 1564 2189; x_wconf 74' lang='lat' dir='ltr'>mansis-</span> 
     </span>
     <span class='ocr_line' id='line_1_49' title="bbox 943 2197 1564 2257; baseline -0.01 -16"><span class='ocrx_word' id='word_1_280' title='bbox 943 2198 1044 2257; x_wconf 52' lang='lat' dir='ltr'>sem]</span> <span class='ocrx_word' id='word_1_281' title='bbox 1061 2200 1254 2257; x_wconf 82' lang='lat' dir='ltr'>Polybius</span> <span class='ocrx_word' id='word_1_282' title='bbox 1276 2199 1396 2240; x_wconf 90' lang='lat' dir='ltr'>docet</span> <span class='ocrx_word' id='word_1_283' title='bbox 1414 2197 1564 2237; x_wconf 81' lang='lat' dir='ltr'>Roma-</span> 
     </span>
     <span class='ocr_line' id='line_1_50' title="bbox 950 2257 1568 2304; baseline -0.01 0"><span class='ocrx_word' id='word_1_284' title='bbox 950 2278 1025 2304; x_wconf 89' lang='lat' dir='ltr'>nos</span> <span class='ocrx_word' id='word_1_285' title='bbox 1080 2264 1119 2303; x_wconf 87' lang='lat' dir='ltr'>in</span> <span class='ocrx_word' id='word_1_286' title='bbox 1172 2263 1318 2303; x_wconf 82' lang='lat' dir='ltr'>summa</span> <span class='ocrx_word' id='word_1_287' title='bbox 1372 2257 1568 2300; x_wconf 73' lang='lat' dir='ltr'>frumenti</span> 
     </span>
     <span class='ocr_line' id='line_1_51' title="bbox 953 2320 1566 2380; baseline -0.01 -15"><span class='ocrx_word' id='word_1_288' title='bbox 953 2324 1088 2380; x_wconf 86' lang='lat' dir='ltr'>inopia</span> <span class='ocrx_word' id='word_1_289' title='bbox 1105 2353 1116 2374; x_wconf 91' lang='lat'>,</span> <span class='ocrx_word' id='word_1_290' title='bbox 1137 2324 1225 2380; x_wconf 83' lang='lat' dir='ltr'>post</span> <span class='ocrx_word' id='word_1_291' title='bbox 1254 2320 1448 2364; x_wconf 67' lang='lat' dir='ltr'>accessum</span> <span class='ocrx_word' id='word_1_292' title='bbox 1473 2348 1484 2367; x_wconf 89' lang='lat'>,</span> <span class='ocrx_word' id='word_1_293' title='bbox 1518 2329 1566 2360; x_wconf 88' lang='lat' dir='ltr'>ut</span> 
     </span>
     <span class='ocr_line' id='line_1_52' title="bbox 953 2382 1568 2431; baseline -0.01 -4"><span class='ocrx_word' id='word_1_294' title='bbox 953 2388 1112 2428; x_wconf 83' lang='lat' dir='ltr'>videtur</span> <span class='ocrx_word' id='word_1_295' title='bbox 1133 2385 1342 2428; x_wconf 84' lang='lat' dir='ltr'>verifirnile</span> <span class='ocrx_word' id='word_1_296' title='bbox 1360 2411 1370 2431; x_wconf 88' lang='lat'>‚</span> <span class='ocrx_word' id='word_1_297' title='bbox 1390 2382 1568 2423; x_wconf 78' lang='lat' dir='ltr'>Anniba·</span> 
     </span>
     <span class='ocr_line' id='line_1_53' title="bbox 953 2444 1565 2503; baseline -0.01 -14"><span class='ocrx_word' id='word_1_298' title='bbox 953 2449 1000 2490; x_wconf 83' lang='lat' dir='ltr'>lis</span> <span class='ocrx_word' id='word_1_299' title='bbox 1025 2450 1074 2490; x_wconf 83' lang='lat' dir='ltr'>ad</span> <span class='ocrx_word' id='word_1_300' title='bbox 1101 2451 1240 2490; x_wconf 85' lang='lat' dir='ltr'>urbem</span> <span class='ocrx_word' id='word_1_301' title='bbox 1263 2475 1274 2494; x_wconf 95' lang='lat'><strong>‚</strong></span> <span class='ocrx_word' id='word_1_302' title='bbox 1305 2444 1512 2503; x_wconf 68' lang='lat' dir='ltr'>subsidium</span> <span class='ocrx_word' id='word_1_303' title='bbox 1543 2458 1565 2484; x_wconf 81' lang='lat' dir='ltr'>a</span> 
     </span>
     <span class='ocr_line' id='line_1_54' title="bbox 955 2508 1563 2562; baseline -0.012 -10"><span class='ocrx_word' id='word_1_304' title='bbox 955 2511 1179 2553; x_wconf 85' lang='lat' dir='ltr'>Ptolemaeo</span> <span class='ocrx_word' id='word_1_305' title='bbox 1254 2508 1514 2562; x_wconf 78' lang='lat' dir='ltr'>Philopatore</span> <span class='ocrx_word' id='word_1_306' title='bbox 1547 2531 1563 2553; x_wconf 84' lang='lat'>‚</span> 
     </span>
     <span class='ocr_line' id='line_1_55' title="bbox 954 2567 1567 2629; baseline -0.01 -15"><span class='ocrx_word' id='word_1_307' title='bbox 954 2584 1141 2629; x_wconf 82' lang='lat' dir='ltr'>tanquam</span> <span class='ocrx_word' id='word_1_308' title='bbox 1164 2574 1213 2612; x_wconf 86' lang='lat' dir='ltr'>ab</span> <span class='ocrx_word' id='word_1_309' title='bbox 1241 2570 1350 2614; x_wconf 73' lang='lat' dir='ltr'>socio</span> <span class='ocrx_word' id='word_1_310' title='bbox 1373 2570 1414 2615; x_wconf 70' lang='grc' dir='ltr'>ὅ(</span> <span class='ocrx_word' id='word_1_311' title='bbox 1433 2567 1567 2612; x_wconf 71' lang='lat' dir='ltr'>amico</span> 
     </span>
     <span class='ocr_line' id='line_1_56' title="bbox 954 2632 1280 2693; baseline 0 -15"><span class='ocrx_word' id='word_1_312' title='bbox 954 2650 1051 2693; x_wconf 84' lang='lat' dir='ltr'>rege</span> <span class='ocrx_word' id='word_1_313' title='bbox 1068 2663 1081 2688; x_wconf 82' lang='lat'><em>,</em></span> <span class='ocrx_word' id='word_1_314' title='bbox 1106 2632 1280 2692; x_wconf 72' lang='lat' dir='ltr'>petiisse·</span> 
     </span>
    </p>
   </div>
  </div>
 </body>
</html>
