1680 3052
295 143 371 202 32
577 123 1291 188 ·T1·11L1v11

92 207 389 277 U·c,352„alas
425 206 629 258 divisum
669 209 895 259 socialem
933 212 1200 260 exercitum
1238 208 1490 272 habebat)
1524 208 1577 261 in

92 277 448 342 a.C.2oo.prima
472 278 572 326 acie
597 277 757 326 locata
787 276 853 326 est
877 294 888 326 :
909 279 957 326 in
983 277 1191 327 subsidiis
1215 279 1321 327 duae
1341 279 1577 329 Romanae

292 345 531 411 legiones,
556 345 628 393 M.
658 344 824 394 Furius
851 345 1028 394 dextrae
1063 346 1148 395 alae
1170 384 1185 407 ‚
1208 347 1479 413 legionibus
1503 347 1580 396 M.

296 410 520 462 Caecilius
543 451 557 473 ‚
596 414 836 478 equitibus
874 413 930 461 L.
959 413 1181 463 Valerius
1231 414 1427 463 Flaccus
1467 413 1583 480 (le-

295 483 395 548 gati
413 498 582 530 omnes
602 479 770 547 erant)
794 480 1053 546 praepositi.
1075 481 1253 531 Praetor
1277 482 1434 532 secum
1459 483 1583 532 duos

297 550 489 616 legatos
512 586 525 608 ‚
557 547 654 598 Cn.
683 548 942 597 Laetorium
977 549 1031 598 &
1063 547 1116 598 P.
1134 548 1369 599 Titinium
1393 589 1407 611 ‚
1435 551 1586 599 habe-

298 618 424 677 bat3
465 633 575 666 cum
609 616 780 682 quibus
817 616 1178 683 circumspicere
1208 656 1223 679 ‚
1259 619 1311 668 ὃ(
1347 620 1484 668 obire
1524 618 1587 667 ad

301 701 476 735 omnes
512 683 720 733 hostium
761 684 940 734 subitos
983 701 1184 735 conatus
1222 685 1393 752 posset.
1424 686 1589 736 Primo

304 751 438 803 Galli
468 754 604 802 omni
628 753 933 803 multitudine
954 755 1002 801 in
1021 772 1170 802 unum
1199 753 1364 804 locum
1392 756 1551 803 annixi
1575 791 1593 816 ‚

304 823 513 871 obruere
535 834 678 888 atque
701 821 924 872 obterere
945 821 1041 871 sese
1068 822 1286 872 dextram
1308 823 1431 871 alam
1454 861 1467 883 ,
1485 840 1593 889 quae

304 891 461 957 prima
487 905 621 949 erat,
645 889 891 956 sperarunt
923 889 1081 957 posse:
1103 891 1182 939 ubi
1210 891 1259 939 id
1288 908 1456 958 parum
1478 909 1596 955 pro-

310 958 550 1018 cedebat,
572 959 924 1008 circumvenire
955 977 980 1007 a
1008 959 1265 1018 cornibus,
1293 961 1345 1008 &
1373 957 1595 1025 amplecti

307 1025 516 1075 hostium
539 1028 693 1075 aciem
726 1026 901 1092 (quod
936 1028 984 1074 in
1025 1027 1329 1076 multitudine
1365 1027 1598 1076 adversus

311 1113 494 1162 paucos
539 1094 677 1143 facile
724 1093 1019 1162 videbatur)
1055 1098 1216 1144 conati
1251 1095 1371 1144 sunt.
1419 1093 1476 1144 Id
1517 1095 1601 1144 ubi

310 1164 435 1213 vidit
467 1177 644 1230 praetor
666 1200 680 1222 ‚
709 1176 762 1211 ut
793 1164 846 1211 &
881 1162 979 1229 ipse
1012 1163 1229 1213 dilataret
1260 1166 1414 1213 aciem
1435 1201 1449 1226 ,
1483 1163 1602 1212 duas

309 1232 534 1300 legiones
563 1248 623 1280 ex
654 1229 867 1280 subsidiis
903 1231 1070 1282 dextra
1096 1233 1316 1297 laevaque
1342 1232 1461 1291 alae,
1495 1249 1603 1298 quae

314 1301 366 1349 in
389 1302 544 1366 prima
579 1300 678 1349 acie
719 1299 963 1367 pugnabat
987 1338 1002 1361 ,
1037 1300 1300 1350 circumdat
1322 1337 1336 1360 ‚
1361 1300 1391 1350 6
1427 1300 1605 1349 aedem-

317 1385 412 1435 que
453 1369 547 1419 deo
571 1367 684 1418 Jovi
713 1370 893 1427 vovit,
915 1367 950 1417 si
986 1385 1049 1418 eo
1085 1369 1161 1418 die
1202 1367 1363 1418 hostes
1397 1367 1606 1418 fudisset.

318 1436 377 1486 L.
399 1436 599 1486 Valerio
628 1437 835 1501 imperat
858 1474 872 1497 ‚
893 1450 945 1485 ut
970 1436 1119 1486 altera
1146 1450 1281 1503 parte
1306 1437 1506 1486 duarum
1531 1438 1606 1485 le,

318 1507 520 1573 gionum
552 1505 736 1571 equites
765 1544 780 1567 ‚
816 1505 966 1555 altera
995 1505 1238 1555 sociorum
1268 1507 1531 1572 equitatum
1557 1507 1606 1553 in

320 1592 502 1623 cornua
550 1572 759 1622 hostium
803 1575 992 1623 emittat
1031 1612 1046 1635 ,
1081 1591 1172 1623 nec
1218 1575 1469 1622 circumire
1520 1590 1611 1623 eos

321 1644 477 1691 aciem
514 1645 718 1709 patiatur
742 1658 752 1689 t
776 1639 913 1690 simul
949 1642 1002 1691 ὅ(
1042 1642 1142 1709 ipse
1172 1680 1185 1703 ‚
1218 1658 1267 1691 ut
1300 1658 1611 1691 extenuatam

323 1711 539 1760 mediam
579 1709 780 1759 diduciis
816 1711 1040 1760 cornibus
1069 1713 1226 1759 aciem
1248 1709 1506 1760 Gallorum
1541 1713 1614 1760 vi·

326 1779 396 1827 dit
415 1818 430 1839 ‚
451 1779 582 1847 signa
602 1778 778 1828 inferre
810 1777 1056 1829 confertos
1081 1780 1257 1828 milites
1274 1817 1288 1840 ,
1307 1780 1359 1830 ὃ(
1390 1795 1614 1844 perrum»

324 1864 444 1915 pere
476 1848 671 1897 ordines
699 1845 852 1911 jubet.
873 1847 935 1896 Et
959 1866 1139 1897 cornua
1163 1848 1223 1896 ab
1245 1848 1485 1915 equitibus
1507 1884 1523 1907 ‚
1557 1848 1615 1896 δι

327 1916 478 1966 medii
510 1934 537 1964 a
571 1916 737 1982 pedite
773 1914 997 1981 pulfizac
1031 1917 1263 1983 repente,
1297 1934 1444 1981 quum
1479 1915 1616 1964 omni
1674 1916 1680 1918 ”

328 1999 465 2051 parte
509 1984 638 2034 caede
684 1985 869 2050 ingenti
910 1982 1231 2034 sternerentur
1264 2022 1277 2045 ‚
1314 1983 1448 2033 Galli
1481 1997 1616 2049 terga

331 2067 564 2115 vertunt,
604 2051 816 2120 fugaque
854 2050 1003 2102 effusa
1041 2067 1268 2121 repetunt
1308 2050 1453 2102 castra
1487 2068 1498 2099 :
1534 2050 1617 2099 fu-

331 2178 424 2235 quia
448 2177 565 2232 ipfius
594 2193 686 2220 aevo
712 2194 776 2222 res
808 2180 946 2223 immu·
1009 2179 1208 2221 Mendum
1224 2180 1324 2220 latet
1340 2180 1379 2220 in
1394 2193 1497 2220 voce
1517 2180 1617 2226 deo„

333 2252 419 2283 tata
445 2243 548 2282 erat.
578 2241 690 2281 Nulli
722 2241 800 2295 jam
833 2254 948 2284 erant
1010 2256 1127 2296 quam
1144 2242 1364 2297 adjungere
1381 2239 1475 2282 Iovi
1495 2242 1622 2286 omni-

334 2304 433 2345 focii
461 2303 499 2343 in
528 2303 773 2344 exercitibus
795 2304 947 2345 Roma·
1011 2302 1621 2358 nosupervacaneumest.Poffis

335 2366 412 2407 nis.
433 2364 517 2417 Qui
539 2365 644 2406 enim
665 2364 771 2419 prius
792 2366 950 2408 fuerant
1013 2367 1228 2406 emendare
1246 2365 1311 2404 vel
1338 2362 1506 2418 cedesque
1528 2366 1624 2406 dua-s

337 2427 464 2474 socii,
487 2427 696 2467 civitatem
729 2427 950 2468 Romanam
1012 2426 1119 2469 Ῑονί.
1141 2426 1272 2480 (Vid.
1294 2426 1393 2466 infra
1413 2425 1621 2473 XXXIV,

338 2504 413 2544 pet
443 2490 591 2529 bellum
619 2488 778 2530 Sociale
815 2490 951 2543 adepti
1018 2498 1071 2541 53
1097 2515 1107 2535 ,
1145 2488 1184 2529 ὃ(
1215 2487 1383 2528 XXXV
1405 2515 1416 2535 ,
1446 2501 1493 2537 41
1517 2516 1529 2536 ,
1556 2490 1625 2528 vel

341 2552 576 2597 fuerant,ac
594 2549 954 2605 proindeinlegio-
1017 2551 1204 2603 aedemque
1250 2548 1412 2603 Dijovi.
1468 2549 1626 2601 Jupiter

345 2627 417 2653 nes
450 2613 549 2667 ipsas
582 2612 955 2655 contribuebantur.
1018 2612 1123 2651 enim
1149 2609 1314 2663 Dijovis
1347 2611 1388 2651 ὅ(
1418 2608 1630 2665 Diespiter

409 2674 437 2716 6
463 2670 683 2729 AEdcmque
709 2675 781 2716 deo
805 2672 955 2731 Iona]
1019 2674 1069 2714 ab
1105 2672 1278 2727 antiquis
1311 2672 1541 2720 dicebatur&
1611 2727 1614 2729 ‚
