1680 3052
324 119 435 179 126
602 116 659 178 T
700 135 724 177 1
768 135 810 179 τ
852 134 877 176 1
968 118 1015 177 L
1058 135 1081 177 1
1125 135 1171 178 v
1213 135 1237 177 1
1279 135 1304 177 1

110 216 404 269 U,c,555,non
426 200 603 268 poffint.
624 203 772 268 Ipsius
788 201 906 250 enim
928 202 1127 251 AEtoliae
1148 204 1350 268 Agraeos'
1362 202 1597 269 Apodeo:

110 271 298 324 2.C.197·
311 269 466 336 tasque
486 271 530 319 δ’
545 271 882 336 Amphilochos
896 287 1020 334 ‚quae
1035 288 1120 336 per
1136 288 1300 336 magna
1317 288 1464 319 eorum
1481 290 1596 338 pars

299 339 367 404 fit
381 374 399 396 ,
422 339 650 387 Graeciam
682 356 775 386 non
803 335 902 401 effi.
925 340 1009 385 An
1027 375 1045 395 ,
1075 337 1197 402 quod
1220 356 1251 385 a
1275 337 1418 403 sociis
1442 357 1594 388 eorum

311 425 404 455 non
437 406 720 474 abstinuerim
746 442 762 465 ,
782 404 948 472 justam
983 406 1209 470 querelam
1238 406 1434 467 habent,
1458 424 1594 473 quum

309 475 401 541 ipsi
420 493 507 540 pro
544 477 637 540 lege
664 474 784 521 hunc
810 490 972 522 morem
1006 474 1271 537 antiquitus,
1283 473 1466 538 servent
1494 512 1509 534 ,
1545 490 1598 523 ut

310 542 537 591 adversus
555 542 711 606 socios
734 542 821 607 ipsi
841 540 954 606 fitos
967 577 986 598 ,
999 541 1187 605 publicai
1204 542 1377 591 tantum
1397 545 1598 592 auetori-

307 625 403 660 tate
425 610 607 675 dempta'
628 647 642 669 ,
657 607 944 673 juventutem
956 607 1090 673 fitam
1113 610 1310 658 militare
1329 613 1491 675 sinant
1509 649 1523 670 ‚
1550 611 1596 660 δ’

311 679 553 726 contraria
575 677 770 743 persaepe
799 678 924 725 acies
943 678 992 724 in
1011 691 1201 742 utraque
1226 693 1361 744 parte
1377 680 1599 728 AEtolica

312 746 502 793 auxilia
520 746 716 793 habeant
735 745 761 791 Ρ
778 748 941 809 Neque
958 763 1034 811 ego
1056 747 1185 793 Cium
1205 749 1466 811 expugnavi
1485 784 1501 804 ,
1511 747 1599 811 sed

311 815 526 877 Prustam
541 813 716 878 socium
747 813 791 861 δ’
819 815 1014 861 amicum
1037 828 1367 879 oppugnantem
1390 813 1557 879 adjuvi
1581 832 1596 864 .·

314 880 362 930 δ’
382 883 714 946 Lysimachiam
733 882 790 928 ab
815 882 1067 930 Thracibus
1087 883 1331 930 vindicavi
1342 884 1459 946 5sed
1486 885 1596 946 quiet

313 966 381 997 me
403 950 629 1013 neceffitas
647 951 710 996 ad
731 950 815 997 hoc
834 950 997 997 bellum
1013 967 1043 996 a
1063 950 1259 1013 custodia
1279 947 1376 1013 ejus
1398 953 1563 999 avertit
1579 987 1597 1010 ‚

313 1018 513 1066 Thraces
555 1019 737 1065 habent.
777 1019 845 1064 Et
871 1017 1056 1065 AEtolis
1096 1018 1202 1065 ltaec.
1236 1018 1408 1066 Attalo
1445 1035 1595 1066 autem

310 1085 593 1150 Rhodiisque
617 1085 741 1133 nihil
763 1081 865 1148 jure
889 1084 1025 1132 debeo
1045 1101 1068 1143 ,·
1087 1103 1177 1133 non
1203 1086 1318 1132 enim
1339 1104 1368 1133 a
1391 1103 1456 1134 me
1477 1123 1491 1146 ‚
1511 1087 1600 1151 sed

308 1153 368 1200 ab
407 1153 508 1201 illis
544 1154 821 1220 principium
856 1153 967 1200 belli
997 1167 1140 1201 ortum
1182 1154 1254 1219 est.
1286 1156 1597 1216 Romanorum

308 1237 460 1269 autem
485 1222 670 1270 lionoris
696 1220 840 1270 causei
857 1258 874 1279 ,
893 1221 1098 1268 Peraeam
1120 1222 1320 1270 Rhodiis
1335 1260 1354 1281 ,
1381 1223 1425 1271 δ’
1451 1242 1596 1272 naves

305 1290 485 1339 'Attalo
502 1307 602 1337 cum
628 1291 831 1356 captivis
846 1326 860 1346 ‚
888 1290 967 1354 qui
988 1291 1306 1354 comparebunt
1321 1327 1335 1352 ,
1353 1292 1594 1357 restituam.

309 1359 439 1406 Nam
465 1360 588 1423 quod
611 1360 676 1406 ad
690 1357 1019 1424 Nicephorium
1038 1358 1304 1424 Venerisque
1337 1360 1493 1425 templi
1524 1379 1597 1409 re·-

298 1426 576 1492 stitutionem
608 1428 770 1475 attinet
788 1443 812 1485 ,·
839 1427 952 1492 quid
982 1443 1036 1473 ea
1067 1427 1233 1492 restitui
1260 1428 1595 1492 postulantibus

310 1495 601 1560 respondeam
624 1533 639 1554 ‚
675 1496 793 1559 nisi,
829 1512 916 1560 quo
952 1511 1042 1543 uno
1078 1496 1210 1544 modo
1246 1496 1340 1542 luci
1357 1495 1597 1561 sylvaeque

309 1563 432 1627 caesae
451 1563 615 1629 restitui
632 1563 847 1630 pofficntv,
872 1579 1026 1611 curam
1049 1562 1380 1628 impensamque
1393 1564 1598 1627 sationis

309 1637 377 1678 'me
392 1633 697 1698 praestaturum
718 1631 746 1678 ?
764 1631 977 1697 quoniam
993 1631 1085 1680 lzaec
1103 1631 1223 1679 inter
1238 1632 1290 1696 fi:
1309 1649 1429 1699 reges
1440 1634 1598 1700 postu·

310 1699 408 1748 lare
448 1700 491 1747 δ’
531 1700 792 1765 respondere
821 1700 997 1766 placet.
1030 1696 1259 1748 Extrema
1295 1697 1399 1765 ejus
1437 1701 1597 1752 oratio

311 1767 544 1817 advershs
580 1767 790 1818 Achaeos
831 1766 922 1818 fuit
951 1784 962 1816 :
991 1767 1039 1815 in
1077 1785 1171 1835 qua
1205 1767 1335 1818 orsus
1364 1767 1424 1818 ab
1451 1768 1605 1819 Anti·

310 1838 427 1902 goni
463 1836 674 1902 primhm
704 1874 720 1897 ‚
755 1836 846 1886 suis
886 1835 1063 1886 deinde
1100 1853 1212 1904 erga
1249 1853 1357 1886 eam
1393 1852 1594 1905 gentem

306 1905 494 1954 meritis
516 1942 531 1967 ,
568 1906 756 1955 recitari
790 1904 987 1954 decreta
1020 1921 1188 1954 eorum
1222 1901 1349 1969 jusfit
1371 1942 1387 1967 ,
1420 1922 1595 1956 omnes

309 1972 506 2023 divinos
536 1971 869 2039 humanosque
898 1973 1111 2022 honores
1139 1973 1422 2039 complexa:
1447 1989 1594 2041 atque

307 2040 372 2089 ad
408 2058 463 2090 ea
499 2040 677 2105 adjecit
714 2059 740 2090 2
774 2041 941 2091 recens
971 2041 1032 2090 de
1061 2042 1308 2102 exercitu,
1328 2059 1426 2109 quo
1458 2042 1517 2090 ab
1546 2042 1596 2093 se

309 2108 643 2170 descivissent:
670 2108 979 2177 invek'tusque
1015 2111 1227 2177 graviter
1259 2110 1308 2158 in
1340 2108 1596 2176 perfidiam

310 2193 483 2226 eorum
503 2216 518 2240 ,
552 2177 713 2246 Argos
742 2193 905 2228 tamen
937 2177 984 2227 se
1024 2178 1323 2227 redditurum
1357 2179 1426 2227 eis
1455 2179 1598 2230 dixit.

310 2247 391 2294 De
415 2248 630 2296 Corintho
663 2264 762 2295 cum
791 2248 1055 2313 imperatore
1080 2250 1291 2297 Romano
1317 2247 1597 2296 deliberatu-

309 2332 406 2361 rum
430 2312 510 2379 eſj}
543 2333 556 2363 .·
584 2318 955 2380 quaesiturumque
975 2316 1119 2380 simul
1151 2316 1209 2363 ab
1247 2333 1297 2363 eo
1315 2350 1330 2374 ,
1358 2314 1506 2363 utrum
1533 2315 1597 2364 iis

309 2380 487 2430 xantum
517 2384 705 2432 urbibus
736 2384 944 2432 decedere
969 2382 1022 2449 se
1043 2401 1216 2450 aequum
1245 2381 1420 2449 censeat
1439 2421 1455 2445 ‚
1475 2401 1592 2450 quas

373 2555 398 2585 2
426 2541 577 2584 Recens
606 2544 653 2583 de
689 2542 917 2596 exercitu]
983 2533 1172 2574 mutanda
1200 2533 1361 2575 fortasse
1394 2533 1432 2574 in
1464 2535 1597 2575 decre·

306 2602 413 2644 Haec
431 2607 554 2646 verba
571 2607 617 2645 de
634 2605 808 2646 exercitu
826 2618 918 2658 pro·
982 2616 1077 2643 tum.
1097 2602 1288 2658 Polybius
1303 2631 1314 2650 ,
1329 2597 1377 2642 τὸ
1398 2598 1497 2659 areg)
1516 2600 1591 2650 ’τῖς
1663 2634 1667 2638 .

308 2668 373 2707 euX
398 2664 527 2711 'dubio
556 2666 698 2711 vitiosa
728 2667 816 2710 sunt
835 2693 849 2718 ,
869 2680 914 2709 ac
980 2664 1229 2717 ἆποςάο-εως
1257 2663 1498 2726 ψήφισμα.
