1680 3052
89 188 260 242 Urc.565

91 245 264 288 33st9-

301 88 412 173 586
582 84 1288 150 T111L1v11

295 190 393 239 quae
427 172 627 240 pecunia
658 187 796 240 capta
814 211 829 233 ‚
855 173 1016 221 ablata
1035 209 1051 231 ‚
1075 177 1230 221 εοαὲἵα
1255 173 1314 221 ab
1344 191 1443 241 rege
1459 173 1584 225 An?-

300 243 450 291 tiocho
479 244 567 308 est,
593 242 755 308 quique
772 243 859 306 Jub
884 260 981 303 ejus
1001 243 1186 306 imperio
1206 239 1430 305 ficerunt5
1456 245 1582 308 quod

107 301 284 358 Rogatio
303 306 401 372 ejus
436 310 484 357 in
516 311 749 375 publicum
785 310 974 355 relatum
1011 328 1099 356 non
1137 311 1228 374 est,
1252 312 1320 357 uti
1360 312 1416 357 de
1450 329 1503 359 ea
1531 330 1579 359 re

91 367 139 432 de
172 380 284 419 pecu-

91 440 162 466 ma
203 431 240 468 A
246 446 269 469 η

91 487 231 534 riochi.

303 380 402 425 Ser.
435 378 673 444 Sulpicius
705 393 871 442 praetor
899 377 1100 424 urbanus
1129 378 1194 424 ad
1218 381 1429 440 senatum
1457 377 1578 442 rese-

302 463 372 494 rat
393 447 420 494 ,Ρ
438 465 563 510 quem
596 463 693 491 eam
722 463 808 492 rem
834 445 945 492 velit
972 443 1160 508 sinatus
1187 463 1377 509 quaerere
1408 447 1462 493 de
1484 447 1545 493 iis
1562 481 1583 506 ‚

301 516 380 579 qui
410 531 623 580 praetores
660 531 781 560 nunc
802 514 957 577 sunt?
980 511 1108 560 Huic
1145 513 1384 579 rogationi
1421 514 1582 579 primb

302 581 374 647 Q.
396 582 446 629 ὃ(
475 580 527 629 L.
553 579 782 629 Mummii
806 580 1198 629 intercedebant:
1216 581 1430 630 senatum
1454 598 1584 648 quae-

300 666 410 699 rere
450 649 512 696 de
548 651 751 714 pecunia
783 665 883 696 non
923 648 1072 696 relata
1109 650 1157 695 in
1187 648 1432 712 publicum
1458 686 1472 708 ‚
1514 651 1583 698 ita

302 732 354 766 ut
389 732 530 765 antea
563 717 754 783 semper
786 715 959 764 fastum
1006 714 1155 774 esset,
1189 733 1379 783 aequum
1414 717 1583 765 cense-

301 785 434 834 bant.
470 784 639 832 Petillii
685 785 984 833 nobilitatem
1020 784 1071 831 &
1105 800 1306 850 regnum
1335 786 1382 832 in
1415 783 1581 835 senatu

298 853 582 918 Scipionum
606 852 903 901 accusabant.
920 851 975 900 L.
998 850 1163 900 Furius
1190 851 1437 917 Purpureo
1461 870 1584 901 con-

298 921 495 980 sularis,
534 923 615 987 qui
649 922 698 968 in
738 921 910 969 decem
946 921 1115 985 legatis
1150 923 1197 968 in
1236 920 1349 968 Afra
1385 919 1582 981 fueras,

297 988 439 1038 latius
465 988 737 1056 rogandum
771 988 1021 1046 censebat3
1045 1005 1145 1036 non
1178 1005 1284 1053 quae
1314 988 1372 1035 ab
1398 989 1582 1036 Antio-

298 1058 394 1107 cho
428 1060 580 1106 modo
614 1059 831 1122 pecuniae
863 1070 1015 1121 captae
1045 1054 1240 1114 forent,
1270 1057 1348 1104 (erl
1382 1073 1485 1121 quae
1519 1056 1585 1105 ab

297 1126 401 1174 aliis
436 1125 632 1193 regibus
677 1125 991 1191 gentibusque
1029 1140 1040 1170 :
1077 1122 1174 1173 Cn.
1213 1123 1451 1172 Manlium
1488 1125 1584 1172 ini·

299 1195 480 1243 micum
519 1192 770 1241 incessens.
807 1191 866 1241 Et
902 1192 957 1241 L.
996 1190 1160 1256 Scipio
1195 1227 1211 1250 ‚
1251 1209 1397 1258 quem
1430 1193 1586 1258 magis

299 1281 393 1329 pro
427 1262 474 1311 se
494 1299 509 1322 ‚
543 1261 689 1328 quam
719 1261 948 1310 adversus
977 1260 1137 1327 legem
1165 1259 1399 1309 diciurum
1432 1278 1584 1326 appa-

298 1331 476 1389 rebat,
511 1329 733 1378 dissuasor
773 1327 1039 1395 proceffit3
1075 1331 1112 1376 is
1149 1326 1254 1392 post
1289 1344 1496 1377 mortem
1532 1326 1587 1378 P.

297 1398 518 1447 Africani
552 1397 706 1447 fratris
727 1434 744 1457 ‚
773 1399 865 1446 viri
898 1397 1115 1446 omnium
1153 1394 1387 1444 fortiffimi
1422 1394 1584 1444 claris-

299 1465 500 1532 fimique
521 1503 536 1525 ‚
564 1484 671 1515 eam
699 1480 918 1514 exortam
946 1465 1252 1530 rogationem
1276 1463 1343 1513 est
1371 1480 1585 1529 conque-

299 1534 414 1583 stus,
434 1536 608 1583 Parum
644 1535 760 1582 enim
788 1532 924 1599 fi‘ff
945 1570 959 1593 ‚
984 1551 1074 1582 non
1096 1532 1280 1579 laudari
1309 1550 1392 1598 pro
1411 1534 1588 1597 Rostris

297 1603 365 1652 P.
387 1602 664 1666 Africanum
691 1605 787 1668 post
820 1616 998 1650 mortem
1026 1637 1042 1657 ,
1070 1601 1157 1664 nisi
1186 1600 1321 1648 etiam
1347 1604 1587 1665 accusare-

297 1686 390 1719 tur.
410 1673 477 1719 Et
504 1670 897 1736 Carthaginienses
922 1669 1080 1733 exfilio
1111 1668 1369 1716 Annibalis
1399 1682 1585 1716 conten-

297 1754 371 1788 tos
412 1738 493 1805 effe
534 1756 549 1789 .·
584 1739 806 1806 populum
844 1740 1103 1787 Romanum
1137 1754 1190 1784 ne
1234 1751 1374 1784 morte
1404 1737 1584 1801 quidem

297 1908 412 1935 ratur
425 1923 435 1943 ‚
455 1909 533 1950 quae
549 1894 734 1950 pecunia.
749 1894 766 1948 ]
783 1891 912 1933 Nobis

295 1958 513 1997 admodum
545 1957 718 2010 suspef‘ta
747 1956 802 1996 est
830 1969 911 1996 vox

295 2032 505 2073 quaeratur.
538 2019 622 2059 Has
651 2017 912 2072 rogationum

296 2081 642 2133 decretorumque
715 2080 910 2120 formulas

294 2141 470 2182 Romani
508 2142 685 2196 incipere
722 2141 853 2181 solent
888 2156 909 2181 a

295 2204 565 2257 pronomine,
603 2203 644 2244 ὃ(
670 2204 825 2258 integra
855 2202 910 2243 est

290 2265 448 2319 suisque
496 2265 672 2306 numeris
728 2263 908 2305 constans

292 2326 379 2367 haec
400 2327 530 2368 oratio
551 2341 561 2368 z
583 2327 719 2367 velitis
739 2354 749 2374 ,
771 2326 907 2381 jubeat>

289 2389 341 2429 tis
364 2420 376 2439 ‚
403 2389 461 2429 uti
482 2399 633 2443 praetor
653 2390 824 2429 urbanu³
855 2389 903 2428 ad

286 2450 470 2491 senatum
498 2452 647 2491 referat
682 2452 729 2491 de
759 2466 803 2490 ea
833 2465 899 2503 pe·

289 2513 406 2552 cunia
427 2541 438 2561 ,
469 2527 558 2567 quae
589 2524 705 2565 capra
732 2514 781 2552 ab
814 2514 901 2551 An-

287 2573 431 2615 fiiocho
466 2575 518 2615 est
540 2604 552 2621 ‚
576 2575 684 2628 quod
711 2574 798 2627 ejus
822 2602 834 2621 ,
860 2574 900 2615 id

286 2636 343 2678 est
358 2663 373 2687 2
394 2636 445 2680 de
462 2651 509 2680 ea
528 2637 680 2681 scilicet
701 2637 808 2681 illius
826 2649 897 2693 pe·

976 1890 1103 1933 cuniae
1121 1900 1237 1944 parte
1256 1916 1267 1936 ‚
1295 1903 1380 1943 quae
1397 1889 1438 1929 in
1456 1889 1587 1943 publi-

977 1968 1067 1994 cum
1094 1954 1220 1993 relata
1242 1965 1323 1991 non
1353 1950 1423 1991 est.
1445 1952 1516 1992 De
1538 1966 1593 1992 ea>

973 2030 1015 2056 re
1042 2014 1143 2056 dixit
1163 2043 1174 2063 ,
1194 2028 1274 2054 non
1293 2012 1519 2067 simpliciter
1539 2015 1588 2054 de

975 2092 1021 2118 ea
1039 2105 1052 2126 ,
1073 2076 1165 2131 quia
1182 2090 1264 2116 vox
1278 2076 1446 2130 pecunia
1462 2076 1588 2116 nimi-o

973 2139 1189 2179 intervallo
1228 2137 1339 2179 distat
1373 2150 1385 2179 z
1420 2138 1459 2179 ὃ(
1487 2148 1585 2179 nota

974 2201 1028 2241 est
1062 2201 1233 2241 formula
1271 2199 1447 2240 omnium
1476 2200 1584 2240 sena·

973 2263 1309 2305 tusconsultorum
1337 2288 1348 2308 ,
1384 2262 1429 2300 de
1463 2275 1507 2301 ea
1542 2275 1585 2302 re

973 2325 1030 2365 ita
1050 2322 1294 2379 censuerunt.
1314 2324 1409 2363 Non
1429 2322 1584 2363 abfimi-

970 2387 1066 2429 liter
1117 2386 1278 2427 struRas
1335 2386 1540 2426 orationes
1565 2411 1583 2433 ,

966 2449 1050 2489 vid.
1081 2450 1109 2491 l.
1144 2449 1188 2497 I,
1223 2463 1259 2488 c.
1300 2458 1386 2499 32,
1418 2446 1457 2487 &
1501 2447 1582 2486 hoc

965 2511 1050 2564 ipso
1088 2511 1192 2551 libro
1221 2539 1233 2558 ‚
1270 2523 1306 2549 c.
1349 2521 1420 2549 11.
1454 2508 1582 2563 Igitut

963 2587 1037 2625 pro
1062 2585 1255 2628 quaeratur
1283 2572 1362 2611 hoc
1390 2572 1486 2609 loco
1516 2571 1580 2609 le-

961 2636 1135 2691 gendum
1165 2645 1353 2691 putamus
1377 2631 1573 2690 Quirites,
