1680 3052
341 135 454 200 150
617 118 892 180 T1·r1
989 120 1374 181 L1V11·

128 214 299 268 U,c,555
333 202 470 251 moris
502 203 811 251 Romanorum
837 221 1048 251 memores
1068 241 1086 262 ‚
1115 221 1196 253 aut
1215 203 1244 253 8
1263 203 1486 269 sibiipsis
1507 212 1618 253 co'nss

128 271 580 324 ίῑ·(3.197.’νεηιένιῑενη
610 273 883 337 sententiam
930 271 1104 336 dixiffie.
1141 275 1206 320 Et
1244 273 1353 320 illos
1388 273 1639 336 prioribus

334 339 539 388 omnibus
554 340 765 387 conciliis
779 341 1103 404 colloquiisque
1118 342 1171 387 de
1190 340 1622 405 conditionibuspa-

336 408 404 456 cis
427 407 633 470 semper,
672 426 762 455 non
794 424 843 455 ut
875 410 938 454 ad
964 410 1306 456 internecionem
1340 409 1622 466 bellaretur,

336 473 577 539 differuiſje
594 493 615 534 ,·
641 476 685 523 δ’
715 478 949 523 Romanos
966 512 980 534 ‚
1004 492 1163 538 praeter
1179 477 1496 542 vetustiffi'mum
1523 494 1642 529 mo·-vt

340 561 430 593 rem
459 546 591 590 vitiis
622 545 875 608 parcendi,
905 546 1180 610 praecipuum
1212 545 1451 593 clementia:
1482 546 1656 591 doen—⁵

338 627 532 660 mentum
566 609 730 674 dediffe
749 647 763 671 ‚
786 630 902 677 pace
926 613 1158 661 Annibali
1191 613 1235 661 ἃ
1271 613 1651 678 Carthaginien-‘

328 680 457 745 fibus
479 679 608 727 dani.
633 680 851 727 Omittere
863 679 914 744 se
945 680 1348 746 Carthaginienses.
1374 681 1484 728 Cum
1504 680 1626 728 Phi-

341 748 470 813 lippo
503 747 599 812 ipso
619 748 794 811 quoties
815 763 995 796 ventum
1023 750 1072 796 in
1092 749 1366 813 colloquium
1385 750 1411 795 ,Ρ
1442 765 1522 795 nec
1540 765 1628 795 un·

342 833 513 881 quam,
545 832 595 862 ut
627 817 799 864 cederet
833 835 1000 882 regno,
1041 820 1183 863 allum
1216 813 1314 879 effe.
1355 817 1439 864 An
1459 853 1476 873 ‚
1515 817 1628 862 auia
1658 840 1663 859 ι

342 885 486 933 villus
515 885 679 948 praelio
702 881 862 948 fhret,
895 885 1179 950 inexpiabile
1215 884 1379 931 bellum
1406 882 1628 946 fabium?

346 952 457 1000 Cum
479 967 655 1000 armato
685 954 797 1017 hoste
824 951 995 1018 infestis
1024 953 1189 1000 animis
1210 953 1416 999 concurri
1437 951 1592 998 a'ebere
1612 968 1629 1000 .·

344 1018 570 1077 adversus
601 1021 742 1068 villos
760 1057 775 1080 ,
806 1034 837 1085 9
869 1021 1134 1086 mitiffi'mum
1154 1038 1368 1084 quemque
1385 1055 1403 1076 ,
1426 1020 1632 1067 animum
1659 1055 1664 1058 -

344 1090 595 1136 maximum
629 1089 806 1136 habere.
839 1089 1064 1137 Libertati
1089 1090 1276 1137 Graeciae
1297 1088 1443 1135 videri
1465 1105 1652 1153 graves:¹

341 1158 653 1206 Macedonum
689 1175 810 1223 reges
835 1174 850 1205 .·
877 1159 927 1221 si
963 1175 1143 1223 regnum
1174 1156 1364 1221 gensque
1401 1156 1631 1216 tollatur,
1656 1171 1671 1197 'x

345 1226 587 1284 Thracas,
617 1224 813 1290 Illyrios
833 1262 851 1284 ‚
892 1241 911 1272 1
952 1226 1123 1274 Gallos
1149 1226 1310 1272 deinde
1329 1262 1347 1283 ,
1379 1240 1531 1290 gentes
1556 1222 1633 1289 fe·

343 1312 421 1342 ras
446 1294 492 1343 6³
520 1294 803 1352 indomitas,
836 1295 886 1342 in
908 1293 1234 1342 Macedoniam
1251 1293 1332 1358 se,
1355 1295 1394 1342 G
1422 1294 1469 1340 in
1496 1294 1634 1341 Grae·
1666 1303 1667 1306 ’

341 1362 460 1411 ciam
505 1360 741 1427 effitsuras.
774 1364 852 1410 Ne
874 1365 1089 1427 proxima
1121 1380 1303 1427 quaeque
1339 1361 1631 1423 amoliendo,

340 1428 594 1496 majoribus
619 1430 991 1497 gravioribusque
1025 1433 1200 1479 aditum
1238 1432 1374 1496 adse
1405 1434 1634 1494 facerent.

340 1495 599 1547 Interfanti
637 1498 815 1548 deinde
845 1497 1060 1549 Phaeneae
1095 1500 1291 1566 praetori
1322 1498 1634 1560 AEtolorum5

339 1565 714 1634 testificantique
739 1605 754 1628 ‚
781 1567 815 1616 fi
840 1568 1024 1635 elapsus
1054 1585 1115 1617 eo
1139 1584 1365 1632 tempore
1382 1564 1634 1632 Philippus

341 1633 503 1696 foret,
521 1653 640 1685 mox
668 1638 859 1704 gravihs
887 1653 1001 1686 eum
1024 1637 1365 1686 rebellaturum
1382 1673 1397 1697 ‚
1420 1637 1633 1702 Defistite

342 1705 647 1766 tumultuari,
676 1706 862 1771 inquit,
890 1706 970 1754 ubi
997 1705 1345 1772 consultandum
1370 1705 1440 1770 est.
1461 1720 1488 1751 2
1515 1702 1633 1753 Non'

342 1774 405 1822 iis
436 1774 774 1824 conditionibus
801 1775 1061 1842 illigabitur
1086 1793 1189 1842 pax
1209 1811 1225 1836 ,
1247 1790 1297 1823 ut
1324 1790 1498 1824 movere
1527 1772 1634 1830 belq

344 1842 438 1890 lum
462 1842 610 1909 poffit.

342 1929 473 1985 Supra}
498 1933 528 1972 l.
556 1929 641 1975 VII
661 1958 672 1978 ,
697 1944 736 1971 c.
767 1939 816 1983 31
841 1957 853 1978 ‚
873 1927 954 1986 res-

336 1990 556 2049 ponsum...
585 1992 766 2035 amicitia
791 1991 955 2034 Samni·-

342 2067 438 2096 tium
458 2069 620 2095 memor.

405 2115 431 2156 8
468 2115 557 2156 Sibi
587 2115 678 2172 ipsis
713 2116 952 2157 convenien-

340 2177 465 2230 tem]
496 2177 727 2218 Consonam
769 2178 817 2218 iis
861 2193 951 2234 quae

342 2238 412 2295 ipfi
441 2239 535 2280 alies
565 2239 818 2281 censuissent.

405 2313 431 2354 9
466 2300 712 2356 Mitiffimum
740 2316 922 2357 quemque
940 2330 953 2350 ,

342 2365 512 2403 animum
531 2363 738 2404 maximum
758 2364 913 2406 habere.
933 2364 950 2417 ]

343 2425 484 2476 Qoum
508 2439 587 2465 vox
610 2429 776 2466 animum
797 2427 845 2465 ab
866 2426 955 2466 edi-

343 2486 502 2527 toribus
521 2485 674 2538 adje&a
696 2487 817 2528 fuerit
836 2515 847 2535 ,
869 2502 956 2528 me-

346 2548 423 2589 lios
454 2548 662 2589 videretur
695 2550 806 2605 legi:
829 2547 957 2603 mitis-

338 2610 476 2663 fimum
509 2625 688 2665 quemque
710 2639 721 2659 ‚
751 2611 958 2652 maximum

345 2672 497 2715 haberi.
513 2672 736 2716 Maximum
747 2701 760 2726 ,
779 2673 960 2732 intellige

1018 1929 1180 1970 maximi
1199 1929 1319 1971 animi
1336 1929 1475 1970 virum.

1084 2004 1100 2031 1
1137 1989 1333 2045 Gallos.]
1368 1987 1634 2047 Intelligendff

1015 2054 1208 2094 videntur
1221 2054 1449 2101 Scordisci,
1467 2054 1515 2093 de
1531 2067 1635 2107 quo·

1014 2129 1101 2157 rum
1141 2117 1297 2172 origine
1334 2115 1385 2156 fic
1436 2125 1634 2158 memorat

1016 2177 1188 2220 Justinus
1211 2207 1222 2225 ,
1248 2180 1278 2218 l.
1298 2177 1493 2225 XXXII,
1521 2192 1558 2218 c.
1579 2188 1624 2231 3.
1668 2192 1671 2195 ·

1015 2239 1084 2281 Ex
1103 2238 1189 2294 his(
1209 2240 1338 2283 Gallis
1353 2268 1363 2287 ,
1385 2239 1450 2292 qui
1475 2240 1628 2280 bellum

1017 2300 1211 2342 adversos
1238 2302 1427 2356 Delphos
1459 2301 1631 2342 infelici-

1017 2374 1082 2404 ter
1109 2363 1306 2418 gesserant
1326 2392 1336 2412 ‚
1372 2364 1475 2404 duce
1502 2365 1635 2405 Bren-

1020 2440 1073 2466 no
1094 2427 1112 2480 )
1136 2440 1269 2465 manus
1286 2427 1455 2479 quaedam
1475 2425 1516 2466 in
1533 2440 1633 2466 con-

1010 2488 1167 2543 fluente
1209 2488 1393 2528 Danubii
1450 2488 1486 2528 δ’
1536 2486 1632 2529 ςανί

1021 2546 1198 2604 consedit
1217 2579 1229 2599 ,
1256 2546 1558 2605 Scordiscosque
1584 2546 1630 2605 se

1019 2611 1219 2668 appellari
1247 2612 1390 2653 voluit.

1087 2686 1114 2717 2
1140 2673 1237 2716 Non
1269 2674 1316 2716 iis
1342 2670 1631 2716 conditionibus
