1680 3052
284 135 330 191 L
373 148 396 188 1
437 145 475 188 B
521 145 557 186 E
599 145 638 188 n
724 128 1081 186 XXXVI.
1211 130 1316 206 363

44 228 291 284 paraturos
323 230 333 261 ε
371 213 423 262 &
451 209 741 276 stipendium
759 246 773 269 ‚
806 209 940 275 quod
966 208 1177 273 pluribus
1200 227 1322 275 pen-
1337 220 1523 273 U.c‚561.

46 284 252 334 fionibus
302 284 350 329 in
395 280 575 328 multos
625 295 776 326 annos
812 277 1081 335 deberent,
1118 277 1523 342 praesensa·C·191.

45 367 192 401 omne
218 350 427 398 daturos.
451 344 698 395 Mafiniss'ae
721 346 896 411 legati,
927 347 1190 411 quingenta
1208 345 1322 392 mil-

41 419 107 469 iia
141 416 357 465 modium
381 417 558 474 tritici,
591 427 806 462 trecenta
841 412 1010 460 hordei
1040 412 1100 460 ad
1132 415 1322 461 exerci-

41 501 144 537 tum
180 487 226 533 in
259 484 533 542 Graeciam3
570 480 783 530 Romam
808 495 1023 529 trecenta
1045 480 1193 528 millia
1213 497 1324 530 mo-

42 552 174 604 dium
195 554 366 610 tritici,
385 552 589 600 ducenta
609 551 950 617 quinquaginta
969 547 1166 608 hordei3
1187 549 1326 614 equi-

46 638 119 672 tes
167 622 457 688 quingentos
479 657 494 678 ,
525 619 813 684 elephantos
849 619 897 665 vi
936 618 1023 665 inti
1057 632 1225 683 regem
1261 615 1326 666 ad

44 689 267 741 Manium
304 689 514 737 Acilium
543 685 792 735 consulem
821 634 1080 734 miffurum.
1107 684 1189 733 De
1217 682 1326 734 fru-

43 771 213 808 mento
245 755 451 821 utrisque
483 754 794 822 responsum,
829 756 893 802 ita
921 751 1109 802 usurum
1144 769 1206 802 eo
1234 770 1327 818 po·

44 826 211 894 pulum
248 823 526 872 Romanum
552 860 567 881 ‚
605 821 637 870 s1
672 825 878 888 pretium
911 823 1202 886 acciperent.
1239 819 1325 870 De

43 892 181 944 classe
206 889 678 958 Carthaginiensibus
708 887 947 939 remissum
976 904 1329 954 :praeterquam

46 960 80 1011 fi
112 961 226 1028 quid
258 963 453 1009 navium
484 976 542 1006 ex
571 957 759 1006 foedere
793 958 1028 1006 deberent
1050 974 1063 1016 3
1086 959 1147 1006 de
1166 974 1326 1023 pecu-

44 1031 125 1079 nia
157 1031 274 1078 item
315 1026 590 1095 responsum
611 1064 625 1088 ,
667 1026 847 1075 nullam
887 1040 998 1075 ante
1029 1025 1161 1075 diem
1186 1042 1328 1075 acce-

49 1112 237 1165 pturos.

118 1166 185 1216 V.
213 1164 382 1231 Quum
418 1163 519 1212 haec
544 1160 718 1211 Romae
754 1161 1052 1229 agebantur,
1086 1159 1325 1213 Chalcide
1380 1169 1530 1212 Antio-

49 1232 322 1283 Antioehus
344 1270 358 1293 ,
392 1250 454 1281 ne
495 1229 690 1280 cessaret
723 1248 810 1296 per
840 1231 1154 1278 hibernorum
1190 1232 1423 1280 tem—ebus
1469 1232 1531 1272 ci-

48 1320 136 1369 ρης
159 1341 174 1362 ,
206 1303 377 1367 partim
407 1299 504 1366 ipse
535 1299 821 1348 sollicitabat
854 1301 1103 1348 civitatum
1136 1294 1479 1348 animosm'ffltes

48 1371 294 1419 mittendis
318 1370 485 1435 legatis
505 1406 520 1426 ‚
553 1368 727 1432 partim
766 1367 894 1415 ultro
933 1368 995 1415 ad
1026 1383 1138 1416 eum
1167 1384 1195 1415 2
1226 1385 1322 1417 ve-
1337 1353 1497 1423 Graecae

46 1438 245 1488 niebant
276 1455 286 1484 t
315 1436 446 1485 sicuti
483 1435 695 1501 Epirotae
729 1437 979 1484 communi
1009 1437 1165 1501 gentis
1197 1417 1530 1484 con-fhu‘c‘m‘
1561 1439 1566 1445 “

46 1504 180 1556 sensu
202 1544 216 1565 ‚
253 1505 305 1554 ὃ(
348 1503 453 1553 Elei
491 1521 519 1553 e
555 1502 895 1569 Peloponneso
926 1519 1184 1553 venerunt.
1216 1503 1323 1554 Elei

47 1575 277 1624 auxilium
305 1574 533 1621 adversus
560 1571 769 1620 Achaeos
786 1572 1020 1637 petebant
1037 1609 1049 1630 ‚
1073 1590 1197 1638 quos
1220 1571 1327 1638 post

48 1641 230 1691 bellum
265 1659 364 1689 non
398 1658 457 1689 ex
489 1640 567 1689 sua
603 1640 835 1689 sententia
868 1639 1099 1688 indicium
1137 1639 1328 1690 Antio·-

53 1711 148 1759 cho
170 1748 183 1768 ,
219 1710 426 1776 primum
460 1710 639 1757 civitati
670 1707 762 1756 suae
802 1725 933 1756 arma
971 1709 1184 1758 illaturos
1213 1726 1330 1759 cre-

54 1778 249 1827 debant.
294 1776 431 1826 Mille
471 1779 526 1825 iis
571 1776 760 1842 pedites
797 1794 906 1825 cum
943 1775 1066 1825 duce
1106 1775 1329 1827 Cretensi

50 1843 283 1910 Euphane
305 1845 407 1894 sunt
434 1842 571 1893 miffi.
591 1843 896 1910 Epirotarum
915 1845 1093 1912 legatio
1112 1862 1214 1894 erat
1237 1848 1331 1895 mi-

52 1916 181 1964 nime
213 1916 262 1962 in
301 1930 486 1978 partem
516 1913 662 1962 ullam
689 1913 824 1962 liberi
857 1928 936 1962 aut
964 1914 1186 1978 simplicis
1221 1916 1350 1963 ani·

51 1985 137 2032 mi.
159 1981 496 2049 Apudsegem
516 1983 714 2047 gratiam
738 1982 902 2029 initam
926 1981 1158 2030 volebant
1177 2020 1191 2042 ‚
1216 1999 1330 2032 cum

52 2066 114 2100 eo
152 2067 201 2099 ut
234 2064 459 2100 caverent
487 2066 547 2098 ne
584 2050 697 2116 quid
719 2047 1023 2099 offenderent
1043 2048 1330 2112 Roman033

50 2119 284 2186 petebant
315 2121 444 2167 enim
463 2156 479 2176 ‚
519 2133 541 2182 3
578 2118 690 2182 nese
717 2134 873 2166 temere
898 2121 946 2168 in
974 2119 1158 2183 causam
1179 2121 1331 2168 dedu-

51 2203 165 2237 ceret
185 2225 202 2246 ,
233 2189 457 2252 expositos
482 2185 701 2234 adversim
726 2186 914 2234 Italiam
937 2205 1022 2252 pro
1052 2189 1174 2235 omni
1195 2190 1329 2237 Grae-

53 2257 128 2304 cia
149 2293 165 2313 ,
201 2256 245 2303 G·
275 2258 444 2320 primos
489 2256 680 2319 impetus
711 2258 1017 2303 Romanorum
1045 2269 1331 2321 excepturos.

54 2325 149 2372 Sed
162 2325 210 2384 si
239 2324 332 2389 ipse
366 2321 503 2388 poffet
537 2324 805 2385 terrestribus
827 2322 1155 2388 navalibusque
1182 2325 1331 2388 copiis

51 2393 280 2458 praefidere
317 2393 464 2457 Epiro
484 2428 499 2450 ,
540 2391 702 2457 cupide¹
735 2409 834 2440 eum
869 2410 1021 2441 omnes
1041 2393 1264 2457 Epirotas
1285 2392 1331 2441 6⁴

119 2497 145 2524 2
175 2483 408 2525 Veniebam.
428 2485 445 2539 ]
485 2485 623 2535 Legati
647 2499 659 2528 ε
723 2497 878 2527 temere
914 2486 952 2527 in
989 2486 1141 2528 causam
1177 2486 1329 2542 regiam

55 2554 102 2587 ut
115 2547 162 2586 ab
181 2546 355 2599 Epirotis
372 2574 383 2593 ,
410 2547 451 2587 ὅ(
470 2549 518 2585 ab
536 2547 660 2589 Eleis.
725 2549 967 2589 descendere
990 2577 1001 2597 ,
1033 2559 1168 2604 partes
1200 2551 1332 2606 regias

124 2618 143 2658 3
161 2608 224 2648 Ne
235 2606 277 2662 se
295 2622 434 2647 temere
452 2608 490 2647 in
511 2607 663 2663 causam
724 2610 925 2665 ampleffi.

61 2667 277 2711 deduceret.
298 2670 316 2724 ]
352 2670 416 2711 Ne
456 2671 586 2712 vellet
622 2671 663 2713 se

946 2727 1060 2797 Qii
