1680 3052
200 96 246 151 L
293 109 312 148 1
357 106 393 147 B
439 104 473 146 Ε
516 106 557 147 R
638 81 1147 148 XXXVIII.¹
1147 99 1301 168 ς77

35 170 184 223 'lorum
218 175 413 240 legiones
437 154 606 241 fuiffe.
601 168 624 202 Ρ
653 170 861 219 videritis
898 172 947 218 in
980 171 1078 219 acie
1115 189 1229 230 eos,
1261 174 1412 227 inUc,
1421 183 1516 235 565;

42 258 180 290 cornu
211 257 395 306 utroque
430 240 522 306 (id
554 238 671 286 enim
715 237 885 286 roboris
918 235 998 300 effe
1031 239 1306 311 τὶᾱεόαῑιιν)
1327 251 1363 282 a.
1368 238 1416 283 C.
1425 239 1518 289 187.

42 310 248 358 locatos.
244 310 268 341 Ρ
295 307 646 375 pugnaveritis,
680 319 731 354 ut
768 323 866 354 cum
906 305 1097 369 hostibus
1129 304 1297 370 justis.
1288 306 1315 345 ἓ

42 377 343 425 cecideritis?
374 375 532 442 spolia
577 392 725 423 eorum
766 373 1055 422 retuleritis.
1094 387 1126 434 7
1164 373 1317 438 Atqui

44 461 143 492 cum
165 444 431 505 Antiocho,
453 461 542 492 non
575 460 671 491 cum
708 443 867 490 Gallis
899 440 1063 489 bellum
1098 439 1143 487 θ’
1166 441 1324 503 sena-5

43 526 117 559 tus
145 515 438 570 decreverat,
473 512 532 560 6»-
543 511 742 576 populus
771 508 1013 572 juffirat:
1038 507 1126 572 fed
1146 508 1194 571 s
1173 509 1322 567 mul

43 594 95 627 ut
127 580 318 651 opinor,
344 596 440 627 cum
473 580 542 627 his
568 581 855 626 decreverant
877 574 1186 640 juffirantque
1207 611 1222 635 ,
1241 576 1323 640 qui

43 647 172 694 intra
201 665 298 711 eJus
331 648 542 713 praesidia
572 644 761 711 fittſjent
798 666 811 691 :
848 661 904 692 ex
938 644 1136 720 quibus,
1158 659 1323 708 praeter

44 714 326 763 Antiochum
355 752 370 775 ‚
409 733 507 763 cum
538 732 623 791 quo
652 729 814 779 pacem
842 714 1077 778 pepigerat
1113 711 1270 775 Scipio
1299 747 1320 771 ‚

45 781 92 829 δ’
123 798 221 829 cum
254 801 339 846 quo
366 772 632 831 nominatim
652 779 810 843 foedus
840 795 889 827 ut
902 780 1033 842 fieret
1064 781 1320 827 mandave-

42 850 199 908 ratis,
227 867 376 897 omnes
407 850 545 914 hostes
573 863 699 896 erant
728 885 743 908 ‚
774 849 850 913 qui
870 865 953 913 pro
980 847 1215 896 Antiocho
1240 865 1324 894 ar-

45 934 121 964 ma
157 916 378 964 adversus
423 936 505 965 nos
544 918 759 964 tulerunt.
797 917 853 964 In
891 933 980 979 qua
1016 913 1152 979 causa
1188 932 1326 979 quum

46 984 187 1033 Galli
220 1000 325 1032 ante
364 1002 514 1033 omnes
544 982 767 1047 fuffnt‚
800 984 851 1031 6⁴
888 983 1029 1049 reguli
1064 984 1248 1045 quidam
1280 983 1327 1031 6·

47 1053 234 1128 tyranni
255 1069 274 1110 ;
319 1071 395 1117 ego
442 1067 588 1100 tamen
622 1052 666 1099 6·
705 1068 802 1098 cum
841 1051 952 1098 aliis
987 1069 1072 1116 pro
1108 1052 1331 1117 dignitate

46 1120 224 1184 imperii
250 1121 378 1183 vestri
411 1121 575 1168 coaHis
606 1117 634 1168 8
675 1119 794 1166 luere
826 1133 1018 1181 peccata
1048 1118 1139 1183 sua
1166 1136 1333 1196 pacem

42 1188 236 1253 pepigi:
260 1188 305 1235 G·
347 1188 588 1236 Gallorum
619 1189 829 1243 animos,
853 1188 901 1250 st
920 1184 1092 1251 poffint
1125 1186 1333 1253 mitigari

50 1272 82 1302 a
104 1254 297 1331 ’feritate
324 1256 456 1319 insita
477 1292 496 1313 ,
532 1256 744 1303 tentavi:
765 1255 841 1312 δ’,
870 1257 1157 1319 posteaquam
1192 1255 1336 1302 indo-

52 1323 186 1369 mitos
223 1333 356 1388 atque
386 1324 705 1399 implacabiles
733 1322 960 1369 cernebam
988 1359 1002 1381 ‚
1036 1337 1128 1370 tum
1159 1323 1335 1370 demum

49 1391 102 1440 vi
139 1404 275 1453 atque
305 1391 445 1437 armis
479 1392 745 1438 coercendos
776 1405 902 1437 ratus
921 1390 1043 1452 sum.

119 1455 297 1505 XLIX.
325 1460 465 1507 Nunc
495 1459 706 1523 quoniam
730 1457 927 1522 fiiscepti
952 1457 1061 1505 belli
1086 1472 1332 1524 purgatum

51 1526 109 1591 est
131 1525 294 1574 crimen
316 1562 332 1582 ,
351 1527 453 1591 gesti
481 1528 710 1573 reddenda
742 1528 797 1589 est
827 1526 942 1572 ratio
965 1542 987 1583 ,·
1024 1526 1071 1573 in
1103 1544 1190 1589 quo
1225 1543 1335 1573 con-

43 1594 230 1657 fiderem
265 1594 465 1657 equidem
502 1594 646 1655 causae
682 1609 784 1639 meae
815 1629 830 1651 ,
866 1594 1040 1656 etiamst
1070 1611 1160 1641 non
1204 1594 1336 1659 apud

52 1664 308 1709 Romanum
333 1697 349 1719 ‚
387 1659 473 1725 sed
505 1663 631 1726 apud
669 1659 1077 1724 Carthaginiensem
1118 1661 1335 1726 senatum

51 1746 260 1797 qvem,
293 1728 372 1775 ubi
407 1729 456 1776 in
485 1745 655 1777 crucem
691 1729 795 1777 tolli
831 1729 1122 1794 imperatores
1158 1730 1334 1787 dicun-

86 1901 89 1904 ·
116 1895 143 1935 7
167 1881 292 1937 Atqui
312 1897 394 1923 cum
411 1881 656 1936 Antiocho.]

56 1943 159 1984 Haec
173 1944 359 1984 dicuntur
377 1959 464 1984 cum
482 1944 661 1997 respefm

55 2006 106 2045 ad
126 2019 171 2044 ea
193 2019 280 2058 quae
307 2006 556 2058 praeceffere.
584 2005 661 2045 Pu-

57 2081 233 2121 gnavere
297 2067 507 2119 Scipiones
572 2081 662 2106 cum

60 2127 191 2170 Gallis
214 2155 225 2175 ,
269 2140 311 2167 ut
356 2141 446 2167 cum
488 2126 661 2170 hostibus

58 2188 168 2243 justis
200 2217 211 2236 ‚
251 2188 355 2228 veris
387 2217 397 2235 ,
439 2189 657 2243 legitimis,

14 2259 18 2262 ’
57 2252 156 2291 licet
175 2251 379 2290 Antiocho
397 2278 408 2296 ,
432 2264 512 2290 non
533 2249 663 2290 Gallis

60 2312 294 2352 nominatim
316 2311 665 2352 beilumindifium

61 2373 176 2413 effet.
204 2373 283 2413 Sed
312 2372 493 2413 nimirum
524 2373 665 2413 decre-

59 2445 143 2475 tum
180 2434 336 2474 senatsls
375 2433 667 2488 compleReba-

63 2506 127 2536 tur
150 2510 220 2535 eos
248 2509 410 2549 quoque
437 2495 503 2548 qui
522 2495 667 2536 Antio·

725 1881 862 1935 Quum
904 1881 1027 1938 igitur
1065 1880 1176 1924 Galli
1221 1881 1329 1927 intet

723 1946 932 1985 auxiliares
951 1944 1142 1984 Antiochi
1158 1945 1332 1991 fuerint,

723 2006 940 2060 legitimum
960 2021 1047 2045 cum
1061 2006 1107 2046 iis
1122 2007 1269 2046 bellum
1287 2008 1333 2049 ὅ(

723 2067 931 2120 Scipiones
955 2068 996 2108 &
1024 2080 1102 2122 ego
1131 2066 1334 2121 gessimus.

789 2128 811 2168 8
854 2128 977 2168 Luerc
1002 2142 1169 2183 peccata
1198 2127 1328 2183 sua.]

726 2188 917 2230 Pecunia.
956 2190 1021 2230 Sic
1073 2190 1235 2230 excusat
1287 2191 1332 2231 &

727 2250 881 2306 mitigat
901 2251 1075 2291 Manlius
1096 2279 1107 2298 ,
1128 2250 1332 2304 suppresso

728 2312 846 2352 etiam
897 2312 1092 2352 invidioso
1149 2313 1332 2366 pecuniae

729 2374 888 2414 nomine
911 2401 921 2421 ,
943 2374 1048 2414 illam
1082 2388 1167 2426 quae
1195 2374 1232 2414 ei
1262 2375 1335 2413 ob·

730 2434 832 2488 jefla
850 2435 980 2476 fuerat
998 2436 1200 2475 avaritiam
1214 2463 1226 2480 ,
1245 2449 1336 2475 exa·

733 2496 887 2550 fiasque
918 2511 938 2535 a
961 2497 1138 2551 tyrannis
1156 2497 1338 2537 castella-

66 2557 129 2595 chi
150 2556 291 2596 sesiam
313 2557 435 2596 secuti
455 2556 578 2596 essent
595 2590 605 2607 ,
628 2558 669 2598 &
733 2557 868 2611 nisque
887 2557 1071 2611 ingentes
1100 2558 1185 2598 auti
1211 2558 1251 2599 ὅ(
1271 2571 1339 2609 atq

64 2618 166 2660 intra
184 2617 273 2667 ejus
299 2616 473 2670 praefidia
496 2618 670 2662 fuissent.

208 2679 335 2728 Tom.
374 2681 421 2728 V

734 2619 847 2676 genti
865 2618 1044 2667 summas.

1044 2673 1140 2734 Bb.
