1680 3052
343 93 454 173 576
636 91 917 151 T1T1
993 95 1327 153 L1v11

131 174 224 228 U..c
233 183 322 237 565.
335 177 448 240 quid
487 173 542 239 est
577 189 792 223 terrarum
834 177 950 224 citra
990 178 1131 225 Tauri
1164 175 1283 244 juga
1319 214 1334 237 ‚
1374 176 1618 228 Gallorum

132 238 561 310 ³·C·1S7·imperi0,
586 261 675 292 non
709 247 845 306 vestro
877 241 1168 307 adjectffi’tis.

402 309 634 361 XLVIII.
659 315 729 362 At
751 313 867 359 enim
881 311 991 375 sunt
1021 312 1199 376 quidem
1217 311 1297 376 ista
1319 329 1462 370 vera,·
1480 315 1617 363 etiam

340 393 380 445 5
405 379 617 445 Delphos
652 381 915 443 quondam,
949 396 1176 428 commune
1218 380 1407 427 humani
1438 384 1616 445 generis

331 449 563 496 oraculum
580 484 597 504 ,
619 448 882 494 umbilicum
907 447 1046 496 Orbis
1071 465 1287 496 terrarum
1305 484 1320 507 ‚
1359 449 1501 509 Galli,
1506 450 1619 514 spo-

333 518 564 566 liaverurzt
585 530 603 561 ,·
624 532 704 562 nec
734 517 834 564 ideo
866 516 1069 581 populus
1087 518 1328 565 Romanus
1350 517 1422 563 lzis
1450 517 1617 565 bellum
1643 557 1646 559 Α

332 586 508 633 indixit
559 598 641 630 aut
684 585 859 632 intulit.
922 586 1147 649 Equidem
1191 584 1374 648 aliquid
1416 583 1616 650 intereffe
1665 647 1672 652 .

331 654 463 701 rebar
492 653 609 700 inter
645 653 697 699 id
728 668 901 717 tempus
922 689 937 712 ‚
980 670 1067 716 quo
1105 655 1303 701 nondum
1336 654 1386 701 in
1417 651 1535 716 jure
1559 670 1616 702 ac

332 723 505 768 ditione
537 720 679 786 vestra
727 721 911 769 Graecia
951 735 1084 785 atque
1116 723 1235 784 Asta
1271 736 1367 769 erat
1382 757 1400 778 ‚
1431 723 1497 768 ad
1529 739 1616 770 cu-

330 791 524 836 randum
561 790 1097 854 animadvertendumque
1136 791 1249 853 quid
1284 789 1334 836 in
1375 789 1447 837 his
1481 792 1616 839 terris

323 858 455 922 fieret
476 875 497 915 ,·
533 857 577 904 6¹
607 858 690 904 lzoc
710 894 724 916 ‚
754 875 840 921 quo
871 858 1010 920 finem
1035 858 1214 922 imperii
1243 857 1443 905 Romani
1483 861 1617 907 Tau-

330 943 428 974 rum
459 939 647 972 montem
663 925 920 991 statuistis,
957 942 1042 990 quo
1071 927 1323 974 libertatem
1354 926 1617 974 immunita-

329 1008 472 1041 temve
496 994 768 1042 ciuitatibus
798 995 954 1054 datis,
972 1011 1058 1059 quo
1089 996 1200 1043 aliis
1223 996 1345 1058 fines
1374 991 1617 1072 adjicitis,

331 1063 460 1110 alias
507 1080 613 1128 agro
663 1062 928 1122 mulctatis,
959 1063 1070 1110 aliis
1113 1064 1305 1129 vectigal
1338 1062 1612 1126 imponitis:

329 1148 467 1197 regna
500 1131 708 1201 augetis,
729 1131 968 1188 minuitis,
987 1132 1210 1190 donatis,
1240 1131 1479 1179 adimitis:
1497 1149 1614 1180 curce

329 1202 479 1264 vestrae
515 1195 700 1263 censetis
729 1197 850 1262 effe,
878 1214 929 1246 ut
959 1217 1116 1263 pacem
1151 1200 1293 1247 terrei
1304 1199 1508 1263 marique
1535 1200 1619 1248 ha-

329 1267 482 1316 beant.
505 1266 535 1316 6
556 1271 675 1326 Αιι,
699 1268 787 1332 nifi
810 1268 1018 1331 praestdia
1041 1266 1295 1331 deduxiſjet
1323 1269 1617 1326 Antiochus,

333 1355 432 1401 quae
463 1337 615 1400 quieta
652 1304 701 1384 in
725 1335 829 1400 suis
863 1336 1045 1383 arcibus
1075 1353 1237 1394 erant,
1268 1354 1360 1385 non
1389 1338 1616 1402 putaretis

332 1406 574 1452 liberatam
618 1406 778 1469 Afiam
816 1421 830 1452 .·
858 1405 906 1468 si
938 1405 1182 1453 Gallorum
1218 1406 1446 1453 exercitus
1492 1403 1619 1471 effitfi

332 1488 611 1539 vagarentur
631 1510 647 1530 ,
678 1487 779 1520 rata
808 1474 930 1519 dona
970 1475 1111 1539 vestra
1132 1511 1147 1534 ‚
1181 1491 1279 1536 quae
1311 1474 1493 1539 dedistis
1524 1473 1616 1539 regi

333 1543 535 1590 Eumeni
559 1579 573 1601 ‚
627 1556 730 1589 rata
776 1541 965 1589 libertas
1014 1541 1283 1589 civitatibus
1326 1540 1428 1605 effit
1457 1544 1481 1591 ,ἓ
1520 1543 1615 1590 Sed

333 1612 448 1676 quid
476 1629 551 1677 ego
591 1611 682 1658 lzaec
718 1611 785 1658 ita
819 1625 1138 1676 argumentor,
1163 1625 1380 1674 tanquam
1412 1628 1503 1657 non
1535 1628 1618 1658 ac-

330 1697 524 1745 ceperim
550 1717 565 1739 ,
585 1679 670 1744 sed
684 1676 871 1742 fecerim
892 1680 1028 1744 lzostes
1058 1679 1276 1727 Gallos?
1304 1681 1402 1735 Te,
1431 1675 1488 1726 L
1513 1679 1617 1727 Sci-

326 1749 410 1814 pio
432 1786 446 1809 ‚
468 1748 710 1827 appello,
740 1747 871 1809 cujus
904 1765 980 1812 ego
1014 1748 1122 1795 mihi
1148 1783 1162 1805 ‚
1187 1746 1478 1810 succedens'
1461 1765 1509 1794 in
1543 1749 1618 1795 νὶ-

330 1833 425 1863 cem
459 1818 637 1882 imperii
665 1816 733 1864 tui
761 1852 778 1875 ,
807 1816 1014 1863 virtutem
1038 1815 1399 1880 felicitatemque
1440 1817 1615 1880 pariter
1640 1868 1648 1873 Χ

331 1903 422 1934 ιιοιι
443 1884 613 1950 frustra
650 1885 706 1931 ab
740 1884 833 1931 diis
867 1883 1198 1956 immortalibus
1229 1899 1444 1948 precatus
1468 1884 1615 1947 sum·
1592 1921 1612 1941 ‚

321 1964 410 2013 ἰε,
443 1956 502 2002 P.
536 1954 728 2018 Scipio,
762 1953 841 2017 qui
874 1953 1013 2017 legati
1037 1969 1120 2015 Jus
1142 1988 1163 2009 ‚
1196 1952 1376 2017 collega:
1405 1949 1617 2017 maJesta-

330 2037 450 2082 tem,
475 2022 519 2070 ὃ»
547 2023 677 2087 apud
699 2020 892 2084 fratrem
923 2021 1182 2097 consulem,
1214 2019 1258 2067 6³
1286 2022 1416 2084 apud
1444 2022 1616 2068 exerci-

329 2104 423 2141 tum
458 2090 649 2157 habuisti
666 2127 684 2148 ‚
677 2089 915 2155 ‘sciatisne
942 2090 990 2136 in
1016 2089 1214 2137 exercitu
1239 2089 1465 2137 Antiochi
1495 2089 1618 2138 Gat-

1002 2218 1121 2256 ambo
1139 2214 1290 2256 sensum
1313 2213 1505 2254 efficiant.
1529 2211 1613 2264 Qui

1001 2292 1084 2318 non
1112 2279 1308 2332 putaretis
1327 2279 1535 2316 liberatam
1559 2277 1615 2315 A·

396 2232 413 2270 ς
451 2218 688 2274 Delphos...
717 2216 939 2256 umbilicum

314 2282 450 2324 'Orbis
468 2280 693 2332 terrarum]
716 2279 781 2318 Sic
801 2279 939 2320 Graeci

315 2343 641 2399 quamplurimi,
674 2342 716 2382 ὃς
746 2340 831 2395 post
865 2354 938 2383 eos

315 2406 477 2448 [atini.

393 2467 418 2508 6
448 2468 517 2507 An
544 2495 558 2513 ,
597 2466 670 2520 nifi
698 2465 892 2520 pra-fidia.
918 2467 934 2519 ]

310 2530 429 2571 vDuo
453 2544 539 2583 quae
573 2529 792 2582 sequuntur
818 2541 939 2567 mem-

325 2592 398 2632 bra
443 2592 546 2631 inter
585 2592 623 2630 se
659 2591 714 2631 ita
754 2603 938 2630 connexa

327 2651 503 2722 inf-elligi
526 2653 677 2697 debent
699 2680 712 2703 ,
744 2662 788 2696 ut
814 2667 938 2698 unum

1001 2339 1378 2394 fiam,nis1praes1dia
1394 2336 1614 2378 deduxiffet

1002 2403 1232 2443 Antiochus
1252 2430 1262 2449 ,
1286 2416 1334 2440 an
1354 2400 1526 2440 credetis
1548 2414 1615 2438 ra-

1001 2475 1081 2504 tam
1118 2465 1348 2504 libertatem
1384 2461 1613 2503 civitatibus

1001 2527 1174 2567 futuram
1201 2525 1313 2569 fuisse
1332 2552 1345 2573 ‚
1365 2523 1390 2564 fi
1410 2538 1481 2577 per
1502 2537 1612 2562 eam·

1002 2590 1092 2628 dem
1138 2588 1266 2629 Afiam
1315 2586 1422 2628 effufi
1469 2584 1624 2624 Gallo·-

999 2666 1087 2695 rum
1107 2652 1315 2696 exercitus
1337 2649 1608 2756 vagarlentur÷

1484 2720 1609 2756 Ol'um
