1680 3052
316 125 429 202 318
595 127 1299 187 'PirrLivu

111 207 528 270 U.c.560,consules
551 210 711 274 primo
735 225 934 277 quoque
966 224 1196 278 tempore
1223 210 1391 261 creari.
1424 210 1598 281 Itaque

116 276 767 328 a0C·192·senatusconsultum
820 278 997 327 facium
1044 277 1144 341 est,
1183 297 1236 329 ut
1291 279 1366 328 M.
1401 279 1596 333 Fulvius

313 360 494 412 praetor
523 347 701 396 litteras
723 347 975 413 extemplo
1001 347 1062 396 ad
1078 347 1327 397 consulem
1352 351 1562 399 mitteret
1579 386 1598 412 5

313 414 486 480 quibus
505 418 682 465 certior
707 414 849 464 fieret
878 415 1061 464 senatui
1092 416 1284 483 placere
1304 454 1319 477 ,
1347 420 1599 483 provincia
1644 458 1648 463 .

315 486 625 549 exercituque
672 484 850 533 tradito
900 484 1072 550 legatis
1105 522 1120 546 ‚
1173 483 1388 534 Romam
1420 488 1600 537 reverti

315 566 428 599 eum
462 571 471 600 :
504 553 558 600 ὃ(
593 569 654 601 ex
692 553 862 602 itinere
897 553 1192 618 praemittere
1224 552 1430 602 edictum
1452 588 1466 611 ,
1501 572 1601 620 quo

117 620 513 675 Comitia.comitia
550 619 825 669 consulibus
845 620 1062 669 creandis
1084 621 1314 671 ediceret.
1347 621 1504 669 Paruit
1530 622 1600 672 his

316 688 487 738 litteris
521 688 717 748 consul,
759 689 812 738 ὅ(
856 687 1094 755 praemisso
1147 689 1342 748 edicto,
1386 687 1604 740 Romam

315 759 471 808 venit.
517 755 591 805 Eo
626 774 821 823 quoque
861 776 990 806 anno
1025 774 1201 824 magna
1232 757 1432 806 ambitio
1476 757 1602 820 fuit,

313 826 447 890 quod
479 827 664 891 patricii
707 841 802 874 tres
839 826 887 873 in
921 843 1072 874 unum
1104 827 1270 875 locum
1306 827 1549 891 petierunt
1583 844 1596 876 x

312 892 366 943 P.
404 892 666 943 Cornelius
702 892 799 942 Cn.
843 892 898 944 F.
930 892 1129 959 Scipio,
1163 897 1244 959 qui
1276 896 1438 960 priore
1472 913 1605 945 anno

311 961 552 1027 repulsam
587 963 762 1012 tulerat
782 1001 796 1022 ‚
829 962 881 1010 ὃ(
912 962 970 1010 L.
1009 961 1270 1012 Cornelius
1302 961 1466 1029 Scipio
1494 1001 1508 1020 ‚
1547 965 1602 1012 δε

314 1029 412 1079 Cn.
461 1030 671 1080 Manlius
721 1029 892 1079 Vulso.
937 1029 990 1078 P.
1024 1030 1277 1097 Scipioni,
1310 1047 1360 1080 ut
1402 1031 1641 1090 dilatum·

311 1101 420 1149 viro
457 1100 581 1158 tali,
627 1116 729 1149 non
770 1113 1001 1166 negatum
1030 1099 1274 1149 honorem
1311 1115 1604 1165 appareret,

313 1168 585 1216 consulatus
621 1170 756 1218 datus
790 1168 887 1227 est3
914 1168 1104 1216 additus
1140 1169 1185 1217 ei
1220 1168 1281 1217 de
1318 1169 1462 1234 plebe
1498 1169 1613 1218 col->

313 1237 423 1304 lega
445 1275 459 1296 ‚
478 1236 674 1286 Manius
704 1237 888 1285 Acilius
912 1235 1137 1287 Glabrio.
1163 1235 1364 1286 Postero
1385 1237 1460 1286 die
1481 1255 1605 1302 prae-

311 1320 447 1354 tores
483 1309 664 1366 creati,
697 1304 752 1354 L.
786 1305 1005 1355 AEmilius
1036 1304 1206 1355 Paulus
1228 1344 1242 1367 ‚
1281 1304 1356 1355 M.
1380 1305 1612 1357 AEmilius

314 1373 529 1441 Lepidus
561 1413 576 1435 ‚
628 1375 704 1424 Μ.
758 1373 923 1424 Junius
969 1373 1184 1434 Brutus,
1237 1373 1302 1424 A.
1343 1371 1614 1433 Cornelius,
1651 1392 1654 1393 ’

311 1442 619 1500 Mammula‘,
659 1443 721 1493 C.
754 1442 917 1493 Livius
937 1480 953 1504 ‚
979 1443 1031 1492 &
1061 1442 1115 1492 L.
1151 1442 1382 1509 Oppius;
1413 1445 1611 1510 utrique-

313 1529 487 1562 eorum
514 1511 753 1562 Salinator
769 1529 1048 1579 cognomen
1061 1527 1177 1562 erat.
1194 1512 1391 1578 Oppius
1417 1515 1454 1561 is
1472 1527 1610 1572 erat,

313 1583 397 1648 qui
436 1580 625 1630 classem
663 1582 855 1649 triginta
885 1583 1081 1630 navium
1123 1583 1170 1630 in
1206 1579 1414 1630 Siciliam
1445 1581 1606 1631 duxe-

312 1666 403 1700 rat.
452 1650 650 1700 Interim
707 1651 822 1699 dum
853 1652 972 1700 novi
1002 1649 1297 1718 magistratus
1328 1652 1608 1701 sortirentur
1655 1647 1660 1652 ’

310 1721 591 1784 provincias
613 1757 627 1779 ,
667 1718 741 1768 M.
773 1718 963 1768 Baebius
989 1737 1014 1767 a
1043 1717 1312 1769 Brundusio
1343 1737 1453 1769 cum
1491 1737 1606 1769 om-

313 1789 456 1837 nibus
494 1789 646 1854 copiis
677 1786 870 1837 transire
912 1789 960 1836 in
1000 1786 1199 1854 Epirum
1241 1786 1309 1837 est
1345 1786 1487 1853 jussus
1512 1826 1525 1847 ‚
1553 1788 1611 1840 ὃς.

315 1857 443 1906 circa
471 1856 793 1924 Apolloniam
822 1859 987 1924 copias
1012 1859 1260 1906 continere
1284 1875 1294 1906 ε
1317 1857 1367 1906 &
1402 1856 1475 1904 M.
1495 1856 1610 1906 Ful-

314 1927 401 1977 vio
447 1927 642 1992 praetori
684 1927 872 1975 urbano
918 1927 1172 1993 negotium
1214 1926 1377 1975 datum
1416 1923 1516 1987 est,
1551 1939 1606 1975 ut

315 1996 692 2062 quinqueremes
731 2013 887 2045 novas
929 1996 1276 2063 quinquaginta
1312 1993 1513 2043 faceret.

380 2062 550 2114 XXV.
574 2063 633 2114 Et
660 2064 867 2132 populus
887 2065 1085 2131 quidem
1107 2062 1358 2115 Romanus
1389 2064 1451 2112 ita
1474 2061 1519 2112 se
1546 2060 1609 2113 ad

176 2130 308 2176 Nabis
323 2150 497 2182 ornnes
516 2148 718 2183 conatus
749 2134 982 2183 Antiochi
1001 2133 1315 2201 praeparabat.
1339 2131 1490 2181 Nabis
1508 2130 1610 2195 jam

119 2195 305 2252 Gythium
319 2221 417 2252 non
442 2201 694 2252 differebat
716 2203 899 2252 bellum
916 2241 929 2263 ‚
966 2202 1049 2252 sed
1070 2202 1253 2251 summa
1285 2202 1336 2249 vi
1361 2199 1610 2266 Gythium

116 2274 238 2314 ‘’PFU·
321 2271 635 2338 oppugnabat
666 2289 676 2320 :
710 2271 760 2320 &
794 2270 1004 2320 infensus
1031 2271 1223 2321 Achaeis
1245 2308 1260 2331 ,
1294 2270 1428 2337 quod
1457 2269 1610 2319 mise-

111 2335 222 2378 gnas·
302 2356 423 2405 'rant
455 2338 649 2389 obseffis
680 2339 982 2407 praefidium,
1018 2358 1159 2407 agros
1180 2347 1350 2388 eoru'm
1372 2336 1610 2389 vastabat.

173 2398 488 2467 AchezAChaei
523 2428 623 2458 non
658 2424 799 2458 antea
836 2408 929 2456 ausi
952 2408 1192 2475 capessere
1218 2407 1400 2457 bellum
1424 2445 1439 2468 ‚
1463 2406 1611 2474 quam

113 2460 381 2526 bellummab
418 2477 579 2527 Roma
616 2475 920 2527 revertissent
951 2478 1133 2545 legati,
1169 2492 1221 2525 ut
1245 2514 1259 2536 ‚
1294 2475 1410 2543 quid
1432 2476 1614 2526 senatuiv

118 2536 202 2562 ‘¹⁰⁷²
242 2522 307 2560 de»
322 2547 571 2612 placeret,
605 2546 813 2604 scirent,
838 2545 944 2611 post
980 2546 1190 2595 reditum
1221 2545 1488 2612 legatorum
1509 2583 1523 2604 ‚
1558 2544 1611 2593 &

120 2596 298 2625 cernunt.
322 2615 593 2682 Sicyonem
627 2616 884 2673 concilium
912 2614 1201 2672 edixerunt,
1236 2614 1288 2661 &
1325 2613 1511 2680 legatos
1548 2611 1610 2660 ad

321 2683 385 2734 T.
429 2682 693 2750 Quintium
740 2682 1004 2746 miserunt,
1042 2685 1123 2751 qui
1159 2680 1409 2733 consilium
1449 2680 1508 2731 ab
1544 2697 1613 2731 eo
