1680 3052
297 111 651 171 LIBER
750 106 1063 169 XXXV.
1211 124 1333 191 μζ

51 183 327 260 *permissum
348 228 363 252 ,
390 205 442 239 ut
472 189 588 238 duas
622 187 842 254 legiones
877 187 1100 239 scriberet
1135 208 1287 242 novas
1313 214 1537 266 ‚U.c.560;

57 261 111 309 &
142 257 320 307 socium
354 275 408 306 ac
434 257 590 306 Latini
624 256 832 319 nominis
865 258 1036 322 viginti
1072 258 1217 306 millia
1240 298 1255 320 ,
1279 262 1538 322 &a.C.192.

54 328 237 391 equites
261 341 553 392 nongentos.
578 324 734 372 Alteri
766 321 945 372 consuli
973 324 1077 372 duae
1111 325 1328 391 legiones

53 393 258 442 decretae
290 430 303 451 ‚
341 409 457 458 quas
493 391 546 440 L.
577 390 835 441 Cornelius
874 390 1035 440 consul
1072 390 1327 457 superioris

53 462 162 523 anni
200 459 459 509 habuisset:
483 462 532 509 ὃ(
570 459 600 508 6
629 457 809 509 socium
844 475 898 506 ac
933 458 1088 507 Latini
1117 463 1326 512 nominis

53 544 115 578 ex
154 527 330 576 eodem
365 530 579 577 exercitu
618 527 804 593 pedites
831 527 1120 592 quindecim.
1141 529 1289 578 millia
1312 567 1329 591 ‚

56 595 110 646 δί
138 597 323 661 equites
357 596 623 662 quingenti.
653 595 723 660 Q.
753 592 972 644 Minucio
996 633 1011 655 ‚
1044 611 1152 644 cum
1187 612 1332 646 exer-

52 665 146 713 citu
180 679 324 729 quern
355 664 401 711 in
437 662 689 729 Liguribus
720 661 929 710 habebat
954 699 969 721 ‚
1009 679 1330 729 prorogatum

53 731 304 796 imperium
326 747 340 790 3
373 731 584 779 additum
614 732 662 777 in
691 729 1080 795 supplementum
1104 767 1120 790 ‚
1142 746 1194 779 ut
1216 749 1333 798 qua-

51 811 160 848 tuor
195 799 341 847 millia
363 799 582 866 peditum
614 797 949 846 Romanorum
979 796 1327 862 scriberentur,

52 865 105 915 &
158 881 352 915 centum
405 868 748 933 quinquaginta
794 867 979 931 equites
1019 881 1034 924 ;
1085 866 1138 914 &
1189 866 1327 918 sociis

51 932 227 984 eodem
259 936 470 1000 quinque
505 934 650 982 millia
683 932 899 998 peditum
938 935 1288 998 imperarentur
1307 949 1334 995 ,'

53 1016 156 1051 CCL
192 1006 393 1069 equites.
423 1001 520 1052 Cn.
553 1001 778 1050 Domitio
813 1016 946 1051 extra
981 1000 1166 1050 Italiam
1188 1021 1203 1061 ·‚
1227 1004 1328 1070 qui)

49 1067 235 1118 senatus
271 1069 547 1131 censuiss'et,
580 1070 831 1135 provincia
863 1070 1060 1119 evenit:
1088 1069 1145 1118 L.
1164 1070 1331 1135 Quinq

49 1138 124 1195 tio>
142 1135 332 1197 Gallia,
369 1138 421 1186 ὃς
444 1139 637 1186 comitia
670 1137 908 1186 habenda.
930 1136 1162 1187 Praetores
1185 1139 1327 1188 dein-

48 1204 109 1254 de
148 1207 420 1270 provincias
452 1207 606 1255 sortiti
634 1223 645 1253 ε
676 1205 751 1254 Μ.
780 1204 975 1253 Fulvius
1004 1204 1324 1257 Centumalus

50 1273 282 1321 urbanam
301 1312 314 1335 ‚
341 1273 395 1322 L.
424 1273 699 1322 Scribonius
735 1273 859 1321 Libo
893 1274 1196 1339 peregrinam
1217 1312 1231 1334 ‚
1264 1274 1325 1324 L.

46 1338 270 1389 Valerius
307 1341 508 1407 Tappus
545 1341 784 1402 Siciliam,
820 1340 890 1405 Q.
924 1339 1142 1390 Salonius
1181 1341 1322 1392 Sarra

46 1407 345 1468 Sardiniam,
380 1409 679 1460 M.,Baebius
715 1407 999 1473 Tamphilus
1035 1408 1322 1474 Hispaniam

46 1478 356 1536 citeriorem,
405 1476 469 1527 A.
522 1477 694 1526 Atilius
737 1476 966 1525 Serranus
1019 1477 1321 1529 ulteriorem.

46 1541 143 1593 Sed
176 1544 244 1592 his
277 1545 467 1593 duobus
497 1546 705 1611 primum
724 1543 1124 1596 senatusconsulto
1145 1583 1158 1606 ,
1183 1546 1326 1595 dein-

46 1611 108 1660 de
154 1613 305 1677 plebis
351 1614 500 1662 etiam
550 1612 668 1662 scito
722 1628 1006 1679 permutatae
1053 1616 1322 1678 provinciae

40 1678 163 1728 sunt.
185 1679 334 1729 Atilio
365 1679 514 1729 claffis
544 1682 593 1729 &
629 1681 926 1730 Macedonia
945 1718 959 1741 ‚
991 1679 1158 1730 Baebio
1181 1681 1324 1733 Brut-

45 1749 97 1796 tii
142 1747 340 1797 decreti.
390 1748 625 1797 Flaminio
663 1748 934 1814 Fulvioque
989 1750 1037 1795 in
1081 1748 1323 1814 Hispaniis

80 1831 358 1881 rorogatum
412 1818 686 1882 imperium.
735 1817 901 1865 Baebio
950 1814 1217 1882 Tamphilo
1271 1820 1323 1869 in

43 1832 256 1937 grumos
301 1884 405 1936 duae
450 1886 667 1950 legiones
709 1884 916 1935 decretae
953 1920 968 1943 ,
1013 1902 1117 1949 quae
1156 1887 1339 1951 priore*

16 1967 170 1999 'anno
210 1951 398 1999 urbanae
432 1950 620 2001 fuissent
658 1971 669 1999 ι
711 1969 744 2016 7
785 1966 838 2003 ut
878 1953 931 2000 &
968 1950 1106 1999 sociis
1138 1953 1320 2008 eodem

42 2018 191 2067 millia
243 2019 460 2084 peditum
507 2020 781 2087 quindecim
839 2022 1227 2085 imperarentur,
1266 2020 1320 2071 δι’

42 2088 290 2153 quingenti
323 2089 526 2152 equites.
557 2088 732 2136 Atilius
768 2091 958 2155 triginta
990 2105 1139 2137 naves
1176 2091 1317 2156 quin·
1386 2105 1524 2165 czaffi'8

41 2170 294 2218 queremes
331 2154 486 2204 facere
528 2153 666 2219 jussus
691 2194 706 2216 ,
752 2157 805 2206 ὃ(
839 2174 898 2205 ex
938 2157 1185 2206 navalibus
1218 2175 1509 2223 xre-paratur.

41 2233 166 2274 teres
191 2222 431 2272 ‚deducere
452 2260 466 2281 ‚
486 2221 519 2269 fi
544 2241 647 2290 quae
673 2224 810 2273 utiles
841 2223 990 2272 effent
1009 2261 1021 2282 ‚
1040 2224 1091 2272 ὅ(
1110 2225 1315 2275 scribere

41 2290 236 2341 navales
282 2289 453 2339 socios.
489 2289 551 2346 Et
594 2291 774 2341 consuli
814 2293 1104 2358 imperatum
1129 2330 1143 2353 ,
1174 2308 1226 2344 ut
1269 2296 1316 2344 ei

101 2395 127 2436 6
148 2396 306 2437 Socidm
334 2412 380 2436 ac
405 2396 544 2438 Latini
573 2411 647 2435 no·
709 2394 1045 2435 tumultuariorum
1074 2394 1239 2435 militum
1266 2396 1319 2434 ad

40 2457 151 2497 minis
165 2486 176 2502 .
193 2487 203 2498 .
221 2488 231 2503 ,
263 2459 415 2512 pedites
433 2457 648 2513 quindecim
711 2458 909 2507 duodecim
926 2455 1055 2498 millia
1074 2457 1225 2509 pedites
1242 2485 1255 2502 ,
1278 2456 1318 2497 G·

39 2518 182 2558 millia.
207 2520 224 2572 ]
261 2520 420 2561 Socit‘lm
446 2547 459 2567 ,
484 2519 563 2559 five
597 2533 649 2559 ex
712 2517 1013 2572 quadringentos
1037 2522 1195 2570 equites.

39 2579 153 2620 sociis
183 2607 193 2625 ,
224 2580 375 2633 pedites
409 2583 457 2620 ad
492 2581 649 2635 quinde-
773 2593 798 2631 7
830 2579 887 2619 Ut
922 2578 956 2618 G·
994 2575 1168 2631 sociis.]
1205 2578 1316 2636 Lege

37 2639 112 2683 cim
128 2640 271 2680 millia.
293 2641 358 2680 Sic
376 2641 476 2683 insta
498 2656 535 2685 c.
561 2651 613 2696 23
636 2669 649 2690 ‚
711 2639 847 2696 potius
867 2668 880 2690 ,
903 2639 939 2681 δ’
966 2651 1007 2680 ut
1026 2635 1167 2692 socii-5·

189 2702 312 2749 Tom.
349 2704 406 2753 V.
1065 2693 1119 2755 Q
