<?xml version="1.0" encoding="UTF-8"?>
<!DOCTYPE html PUBLIC "-//W3C//DTD XHTML 1.0 Transitional//EN"
    "http://www.w3.org/TR/xhtml1/DTD/xhtml1-transitional.dtd">
<html xmlns="http://www.w3.org/1999/xhtml" xml:lang="en" lang="en">
 <head>
  <title>
</title>
<meta http-equiv="Content-Type" content="text/html;charset=utf-8" />
  <meta name='ocr-system' content='tesseract 3.04.00' />
  <meta name='ocr-capabilities' content='ocr_page ocr_carea ocr_par ocr_line ocrx_word'/>
</head>
<body>
  <div class='ocr_page' id='page_1' title='image "./tliviipatavinihi0301livy_0062.png"; bbox 0 0 1680 3052; ppageno 0'>
   <div class='ocr_carea' id='block_1_1' title="bbox 114 115 1670 2589">
    <p class='ocr_par' dir='ltr' id='par_1_1' title="bbox 327 115 1317 200">
     <span class='ocr_line' id='line_1_1' title="bbox 327 115 1317 200; baseline -0.001 -21"><span class='ocrx_word' id='word_1_1' title='bbox 327 115 396 200; x_wconf 75' lang='lat'>58</span> <span class='ocrx_word' id='word_1_2' title='bbox 614 117 670 178; x_wconf 92' lang='lat' dir='ltr'>T</span> <span class='ocrx_word' id='word_1_3' title='bbox 714 134 737 177; x_wconf 91' lang='lat'>1</span> <span class='ocrx_word' id='word_1_4' title='bbox 779 133 831 178; x_wconf 80' lang='grc' dir='ltr'>τ’</span> <span class='ocrx_word' id='word_1_5' title='bbox 867 134 890 177; x_wconf 88' lang='lat'>1</span> <span class='ocrx_word' id='word_1_6' title='bbox 976 119 1022 179; x_wconf 90' lang='lat' dir='ltr'>L</span> <span class='ocrx_word' id='word_1_7' title='bbox 1067 136 1089 179; x_wconf 92' lang='lat'>1</span> <span class='ocrx_word' id='word_1_8' title='bbox 1133 138 1180 178; x_wconf 84' lang='lat' dir='ltr'>v</span> <span class='ocrx_word' id='word_1_9' title='bbox 1223 137 1243 178; x_wconf 92' lang='lat'>1</span> <span class='ocrx_word' id='word_1_10' title='bbox 1295 136 1317 178; x_wconf 81' lang='lat'>1</span> 
     </span>
    </p>

    <p class='ocr_par' dir='ltr' id='par_1_2' title="bbox 116 198 1610 271">
     <span class='ocr_line' id='line_1_2' title="bbox 116 198 1610 271; baseline 0.005 -23"><span class='ocrx_word' id='word_1_11' title='bbox 116 214 309 268; x_wconf 73' lang='lat' dir='ltr'>U,c,552‚</span> <span class='ocrx_word' id='word_1_12' title='bbox 387 198 498 250; x_wconf 85' lang='lat' dir='ltr'>XL.</span> <span class='ocrx_word' id='word_1_13' title='bbox 529 198 602 251; x_wconf 82' lang='lat' dir='ltr'>Ita</span> <span class='ocrx_word' id='word_1_14' title='bbox 630 200 854 270; x_wconf 78' lang='lat' dir='ltr'>angustiae</span> <span class='ocrx_word' id='word_1_15' title='bbox 886 202 1078 252; x_wconf 85' lang='lat' dir='ltr'>minore</span> <span class='ocrx_word' id='word_1_16' title='bbox 1116 203 1380 253; x_wconf 81' lang='lat' dir='ltr'>certamine</span> <span class='ocrx_word' id='word_1_17' title='bbox 1404 241 1419 264; x_wconf 89' lang='lat'>‚</span> <span class='ocrx_word' id='word_1_18' title='bbox 1458 203 1610 271; x_wconf 61' lang='lat' dir='ltr'>quant</span> 
     </span>
    </p>

    <p class='ocr_par' dir='ltr' id='par_1_3' title="bbox 114 269 1670 2589">
     <span class='ocr_line' id='line_1_3' title="bbox 114 269 1608 337; baseline 0.007 -24"><span class='ocrx_word' id='word_1_19' title='bbox 114 269 458 334; x_wconf 71' lang='lat' dir='ltr'>a0C.200.quod</span> <span class='ocrx_word' id='word_1_20' title='bbox 502 271 672 319; x_wconf 85' lang='lat' dir='ltr'>animis</span> <span class='ocrx_word' id='word_1_21' title='bbox 708 269 1062 337; x_wconf 80' lang='lat' dir='ltr'>proposuerant</span> <span class='ocrx_word' id='word_1_22' title='bbox 1087 309 1105 333; x_wconf 87' lang='lat'><strong>,</strong></span> <span class='ocrx_word' id='word_1_23' title='bbox 1164 270 1433 337; x_wconf 73' lang='lat' dir='ltr'>superatae,</span> <span class='ocrx_word' id='word_1_24' title='bbox 1469 274 1521 322; x_wconf 83' lang='lat'>&amp;</span> <span class='ocrx_word' id='word_1_25' title='bbox 1556 278 1608 323; x_wconf 70' lang='lat' dir='ltr'>in&#39;</span> 
     </span>
     <span class='ocr_line' id='line_1_4' title="bbox 318 334 1606 406; baseline 0.005 -20"><span class='ocrx_word' id='word_1_26' title='bbox 318 334 577 387; x_wconf 86' lang='lat' dir='ltr'>Eordaeam</span> <span class='ocrx_word' id='word_1_27' title='bbox 618 352 947 403; x_wconf 81' lang='lat' dir='ltr'>perventum3</span> <span class='ocrx_word' id='word_1_28' title='bbox 991 339 1073 387; x_wconf 90' lang='lat' dir='ltr'>ubi</span> <span class='ocrx_word' id='word_1_29' title='bbox 1119 337 1398 404; x_wconf 86' lang='lat' dir='ltr'>pervastatis</span> <span class='ocrx_word' id='word_1_30' title='bbox 1438 342 1606 406; x_wconf 72' lang='lat' dir='ltr'>passim</span> 
     </span>
     <span class='ocr_line' id='line_1_5' title="bbox 315 404 1608 474; baseline 0.003 -20"><span class='ocrx_word' id='word_1_31' title='bbox 315 407 476 474; x_wconf 83' lang='lat' dir='ltr'>agris,</span> <span class='ocrx_word' id='word_1_32' title='bbox 513 407 562 455; x_wconf 88' lang='lat' dir='ltr'>in</span> <span class='ocrx_word' id='word_1_33' title='bbox 597 404 837 455; x_wconf 86' lang='lat' dir='ltr'>Elimeam</span> <span class='ocrx_word' id='word_1_34' title='bbox 870 404 918 464; x_wconf 81' lang='lat' dir='ltr'>se</span> <span class='ocrx_word' id='word_1_35' title='bbox 952 407 1140 473; x_wconf 88' lang='lat' dir='ltr'>recepit</span> <span class='ocrx_word' id='word_1_36' title='bbox 1175 424 1187 454; x_wconf 72' lang='grc' dir='ltr'>ε</span> <span class='ocrx_word' id='word_1_37' title='bbox 1221 406 1334 456; x_wconf 88' lang='lat' dir='ltr'>inde</span> <span class='ocrx_word' id='word_1_38' title='bbox 1366 409 1608 474; x_wconf 79' lang='lat' dir='ltr'>impetum.</span> 
     </span>
     <span class='ocr_line' id='line_1_6' title="bbox 309 472 1611 540; baseline 0.002 -16"><span class='ocrx_word' id='word_1_39' title='bbox 309 475 363 524; x_wconf 84' lang='lat' dir='ltr'>in</span> <span class='ocrx_word' id='word_1_40' title='bbox 395 472 677 523; x_wconf 87' lang='lat' dir='ltr'>Orestidem</span> <span class='ocrx_word' id='word_1_41' title='bbox 709 472 826 522; x_wconf 90' lang='lat' dir='ltr'>fecit</span> <span class='ocrx_word' id='word_1_42' title='bbox 858 490 874 533; x_wconf 80' lang='lat'>3</span> <span class='ocrx_word' id='word_1_43' title='bbox 907 472 961 521; x_wconf 89' lang='lat'>&amp;</span> <span class='ocrx_word' id='word_1_44' title='bbox 990 474 1229 540; x_wconf 89' lang='lat' dir='ltr'>oppidum</span> <span class='ocrx_word' id='word_1_45' title='bbox 1264 473 1515 524; x_wconf 87' lang='lat' dir='ltr'><strong>Celetrum</strong></span> <span class='ocrx_word' id='word_1_46' title='bbox 1540 476 1611 527; x_wconf 89' lang='lat' dir='ltr'>est</span> 
     </span>
     <span class='ocr_line' id='line_1_7' title="bbox 315 540 1602 610; baseline 0.002 -18"><span class='ocrx_word' id='word_1_47' title='bbox 315 541 595 610; x_wconf 75' lang='lat' dir='ltr'>aggressus,</span> <span class='ocrx_word' id='word_1_48' title='bbox 635 544 684 591; x_wconf 91' lang='lat' dir='ltr'>in</span> <span class='ocrx_word' id='word_1_49' title='bbox 721 540 970 608; x_wconf 84' lang='lat' dir='ltr'><strong>peninsula</strong></span> <span class='ocrx_word' id='word_1_50' title='bbox 1009 541 1166 590; x_wconf 80' lang='lat' dir='ltr'>situm.</span> <span class='ocrx_word' id='word_1_51' title='bbox 1222 542 1378 593; x_wconf 89' lang='lat' dir='ltr'>Lacus</span> <span class='ocrx_word' id='word_1_52' title='bbox 1419 547 1602 596; x_wconf 84' lang='lat' dir='ltr'>moenia</span> 
     </span>
     <span class='ocr_line' id='line_1_8' title="bbox 316 608 1606 678; baseline 0.005 -20"><span class='ocrx_word' id='word_1_53' title='bbox 316 612 506 678; x_wconf 84' lang='lat' dir='ltr'><strong>cingit:</strong></span> <span class='ocrx_word' id='word_1_54' title='bbox 540 608 747 677; x_wconf 82' lang='lat' dir='ltr'>angustis</span> <span class='ocrx_word' id='word_1_55' title='bbox 788 608 1003 659; x_wconf 82' lang='lat' dir='ltr'>faucibus</span> <span class='ocrx_word' id='word_1_56' title='bbox 1044 628 1195 660; x_wconf 89' lang='lat' dir='ltr'>unum</span> <span class='ocrx_word' id='word_1_57' title='bbox 1229 628 1289 660; x_wconf 86' lang='lat' dir='ltr'>ex</span> <span class='ocrx_word' id='word_1_58' title='bbox 1332 614 1606 664; x_wconf 85' lang='lat' dir='ltr'>continenti</span> 
     </span>
     <span class='ocr_line' id='line_1_9' title="bbox 315 676 1608 748; baseline 0.003 -21"><span class='ocrx_word' id='word_1_59' title='bbox 315 679 411 729; x_wconf 87' lang='lat' dir='ltr'>iter</span> <span class='ocrx_word' id='word_1_60' title='bbox 451 676 535 728; x_wconf 87' lang='lat' dir='ltr'>est.</span> <span class='ocrx_word' id='word_1_61' title='bbox 580 677 744 728; x_wconf 77' lang='lat' dir='ltr'>Primo</span> <span class='ocrx_word' id='word_1_62' title='bbox 784 676 873 727; x_wconf 89' lang='lat' dir='ltr'>fitu</span> <span class='ocrx_word' id='word_1_63' title='bbox 914 677 1019 745; x_wconf 92' lang='lat' dir='ltr'>ipso</span> <span class='ocrx_word' id='word_1_64' title='bbox 1066 677 1210 740; x_wconf 88' lang='lat' dir='ltr'>freti,</span> <span class='ocrx_word' id='word_1_65' title='bbox 1244 679 1409 729; x_wconf 89' lang='lat' dir='ltr'>claufis</span> <span class='ocrx_word' id='word_1_66' title='bbox 1453 681 1608 748; x_wconf 79' lang='lat' dir='ltr'>portis</span> 
     </span>
     <span class='ocr_line' id='line_1_10' title="bbox 316 745 1607 817; baseline 0.004 -21"><span class='ocrx_word' id='word_1_67' title='bbox 316 748 579 814; x_wconf 82' lang='lat' dir='ltr'>imperium</span> <span class='ocrx_word' id='word_1_68' title='bbox 626 745 840 797; x_wconf 72' lang='lat' dir='ltr'>abnuere</span> <span class='ocrx_word' id='word_1_69' title='bbox 881 763 893 796; x_wconf 88' lang='lat'>:</span> <span class='ocrx_word' id='word_1_70' title='bbox 939 746 1119 797; x_wconf 87' lang='lat' dir='ltr'>deinde</span> <span class='ocrx_word' id='word_1_71' title='bbox 1170 746 1423 816; x_wconf 88' lang='lat' dir='ltr'>postquam</span> <span class='ocrx_word' id='word_1_72' title='bbox 1473 748 1607 817; x_wconf 78' lang='lat' dir='ltr'>signa</span> 
     </span>
     <span class='ocr_line' id='line_1_11' title="bbox 316 813 1610 882; baseline 0.002 -18"><span class='ocrx_word' id='word_1_73' title='bbox 316 814 469 876; x_wconf 85' lang='lat' dir='ltr'>ferri,</span> <span class='ocrx_word' id='word_1_74' title='bbox 501 833 559 864; x_wconf 88' lang='lat' dir='ltr'>ac</span> <span class='ocrx_word' id='word_1_75' title='bbox 588 814 826 865; x_wconf 87' lang='lat' dir='ltr'>testudine</span> <span class='ocrx_word' id='word_1_76' title='bbox 844 813 1030 865; x_wconf 87' lang='lat' dir='ltr'><strong>succedi</strong></span> <span class='ocrx_word' id='word_1_77' title='bbox 1051 816 1111 864; x_wconf 86' lang='lat' dir='ltr'>ad</span> <span class='ocrx_word' id='word_1_78' title='bbox 1139 831 1362 882; x_wconf 78' lang='lat' dir='ltr'>portam,</span> <span class='ocrx_word' id='word_1_79' title='bbox 1385 816 1610 867; x_wconf 75' lang='lat' dir='ltr'>obsessas-</span> 
     </span>
     <span class='ocr_line' id='line_1_12' title="bbox 317 881 1610 952; baseline 0.002 -20"><span class='ocrx_word' id='word_1_80' title='bbox 317 900 416 950; x_wconf 87' lang='lat' dir='ltr'>que</span> <span class='ocrx_word' id='word_1_81' title='bbox 459 882 624 933; x_wconf 84' lang='lat' dir='ltr'>fauces</span> <span class='ocrx_word' id='word_1_82' title='bbox 657 885 851 951; x_wconf 82' lang='lat' dir='ltr'>agmine</span> <span class='ocrx_word' id='word_1_83' title='bbox 900 881 1107 933; x_wconf 89' lang='lat' dir='ltr'>hostium</span> <span class='ocrx_word' id='word_1_84' title='bbox 1149 885 1409 946; x_wconf 87' lang='lat' dir='ltr'>viderunt,</span> <span class='ocrx_word' id='word_1_85' title='bbox 1456 885 1610 952; x_wconf 84' lang='lat' dir='ltr'>prius-</span> 
     </span>
     <span class='ocr_line' id='line_1_13' title="bbox 316 954 1609 1019; baseline 0.002 -19"><span class='ocrx_word' id='word_1_86' title='bbox 316 969 468 1019; x_wconf 82' lang='lat' dir='ltr'>quam</span> <span class='ocrx_word' id='word_1_87' title='bbox 505 954 840 1019; x_wconf 83' lang='lat' dir='ltr'>experirentur</span> <span class='ocrx_word' id='word_1_88' title='bbox 875 968 1157 1013; x_wconf 88' lang='lat' dir='ltr'>certamen,</span> <span class='ocrx_word' id='word_1_89' title='bbox 1198 971 1333 1002; x_wconf 91' lang='lat' dir='ltr'>metu</span> <span class='ocrx_word' id='word_1_90' title='bbox 1370 955 1419 1002; x_wconf 86' lang='lat' dir='ltr'>in</span> <span class='ocrx_word' id='word_1_91' title='bbox 1457 955 1609 1004; x_wconf 82' lang='lat' dir='ltr'>dedi--</span> 
     </span>
     <span class='ocr_line' id='line_1_14' title="bbox 316 1018 1606 1073; baseline 0.003 -4"><span class='ocrx_word' id='word_1_92' title='bbox 316 1023 510 1070; x_wconf 81' lang='lat' dir='ltr'>tionem</span> <span class='ocrx_word' id='word_1_93' title='bbox 549 1035 809 1070; x_wconf 85' lang='lat' dir='ltr'>venerunt.</span> <span class='ocrx_word' id='word_1_94' title='bbox 852 1020 935 1069; x_wconf 89' lang='lat' dir='ltr'>Ab</span> <span class='ocrx_word' id='word_1_95' title='bbox 972 1018 1175 1071; x_wconf 82' lang='lat' dir='ltr'>Celetro</span> <span class='ocrx_word' id='word_1_96' title='bbox 1211 1024 1260 1070; x_wconf 89' lang='lat' dir='ltr'>in</span> <span class='ocrx_word' id='word_1_97' title='bbox 1305 1020 1606 1073; x_wconf 75' lang='lat' dir='ltr'>Dassaretios</span> 
     </span>
     <span class='ocr_line' id='line_1_15' title="bbox 315 1086 1608 1156; baseline 0.004 -19"><span class='ocrx_word' id='word_1_98' title='bbox 315 1086 548 1155; x_wconf 84' lang='lat' dir='ltr'>proceffit</span> <span class='ocrx_word' id='word_1_99' title='bbox 578 1106 588 1136; x_wconf 92' lang='lat'>:</span> <span class='ocrx_word' id='word_1_100' title='bbox 615 1089 884 1156; x_wconf 85' lang='lat' dir='ltr'>urbemque</span> <span class='ocrx_word' id='word_1_101' title='bbox 910 1087 1093 1138; x_wconf 88' lang='lat' dir='ltr'>Pelium</span> <span class='ocrx_word' id='word_1_102' title='bbox 1125 1091 1177 1139; x_wconf 89' lang='lat' dir='ltr'>vi</span> <span class='ocrx_word' id='word_1_103' title='bbox 1212 1091 1340 1156; x_wconf 88' lang='lat' dir='ltr'><strong>cepit</strong></span> <span class='ocrx_word' id='word_1_104' title='bbox 1374 1108 1384 1138; x_wconf 74' lang='grc' dir='ltr'>ε</span> <span class='ocrx_word' id='word_1_105' title='bbox 1418 1090 1608 1142; x_wconf 76' lang='lat' dir='ltr'>servitia</span> 
     </span>
     <span class='ocr_line' id='line_1_16' title="bbox 314 1157 1609 1223; baseline 0.003 -17"><span class='ocrx_word' id='word_1_106' title='bbox 314 1157 434 1208; x_wconf 83' lang='lat' dir='ltr'>inde</span> <span class='ocrx_word' id='word_1_107' title='bbox 470 1175 580 1206; x_wconf 90' lang='lat' dir='ltr'>cum</span> <span class='ocrx_word' id='word_1_108' title='bbox 608 1172 767 1207; x_wconf 88' lang='lat' dir='ltr'>cetera</span> <span class='ocrx_word' id='word_1_109' title='bbox 802 1157 963 1223; x_wconf 87' lang='lat' dir='ltr'>praeda</span> <span class='ocrx_word' id='word_1_110' title='bbox 984 1157 1217 1219; x_wconf 77' lang='lat' dir='ltr'>abduxit,</span> <span class='ocrx_word' id='word_1_111' title='bbox 1251 1160 1305 1208; x_wconf 87' lang='lat'>&amp;</span> <span class='ocrx_word' id='word_1_112' title='bbox 1339 1159 1489 1210; x_wconf 87' lang='lat' dir='ltr'>libera</span> <span class='ocrx_word' id='word_1_113' title='bbox 1519 1178 1609 1209; x_wconf 88' lang='lat' dir='ltr'>ca·-</span> 
     </span>
     <span class='ocr_line' id='line_1_17' title="bbox 313 1224 1609 1294; baseline 0.002 -19"><span class='ocrx_word' id='word_1_114' title='bbox 313 1228 417 1294; x_wconf 86' lang='lat' dir='ltr'>pita</span> <span class='ocrx_word' id='word_1_115' title='bbox 444 1224 542 1276; x_wconf 88' lang='lat' dir='ltr'>fine</span> <span class='ocrx_word' id='word_1_116' title='bbox 580 1229 739 1292; x_wconf 91' lang='lat' dir='ltr'>pretio</span> <span class='ocrx_word' id='word_1_117' title='bbox 777 1224 952 1274; x_wconf 75' lang='lat' dir='ltr'><strong>dimisit</strong></span> <span class='ocrx_word' id='word_1_118' title='bbox 984 1243 996 1275; x_wconf 90' lang='lat'>:</span> <span class='ocrx_word' id='word_1_119' title='bbox 1030 1226 1365 1293; x_wconf 87' lang='lat' dir='ltr'>oppidumque</span> <span class='ocrx_word' id='word_1_120' title='bbox 1399 1230 1455 1276; x_wconf 89' lang='lat' dir='ltr'>iis</span> <span class='ocrx_word' id='word_1_121' title='bbox 1494 1228 1609 1278; x_wconf 70' lang='lat' dir='ltr'>red-³</span> 
     </span>
     <span class='ocr_line' id='line_1_18' title="bbox 313 1294 1609 1365; baseline 0.002 -22"><span class='ocrx_word' id='word_1_122' title='bbox 313 1295 467 1355; x_wconf 84' lang='lat' dir='ltr'><strong>didit,</strong></span> <span class='ocrx_word' id='word_1_123' title='bbox 491 1294 711 1361; x_wconf 85' lang='lat' dir='ltr'>praefidio</span> <span class='ocrx_word' id='word_1_124' title='bbox 735 1294 900 1344; x_wconf 88' lang='lat' dir='ltr'>valido</span> <span class='ocrx_word' id='word_1_125' title='bbox 921 1295 1148 1361; x_wconf 76' lang='lat' dir='ltr'>imposito</span> <span class='ocrx_word' id='word_1_126' title='bbox 1173 1312 1183 1344; x_wconf 74' lang='grc' dir='ltr'><strong><em>ε</em></strong></span> <span class='ocrx_word' id='word_1_127' title='bbox 1206 1314 1317 1344; x_wconf 89' lang='lat' dir='ltr'>nam</span> <span class='ocrx_word' id='word_1_128' title='bbox 1342 1296 1393 1345; x_wconf 65' lang='grc' dir='ltr'>ὃ(</span> <span class='ocrx_word' id='word_1_129' title='bbox 1414 1295 1497 1346; x_wconf 86' lang='lat' dir='ltr'>fita</span> <span class='ocrx_word' id='word_1_130' title='bbox 1515 1315 1609 1365; x_wconf 89' lang='lat' dir='ltr'>op-</span> 
     </span>
     <span class='ocr_line' id='line_1_19' title="bbox 310 1363 1607 1430; baseline 0.002 -17"><span class='ocrx_word' id='word_1_131' title='bbox 310 1364 524 1429; x_wconf 80' lang='lat' dir='ltr'>portune</span> <span class='ocrx_word' id='word_1_132' title='bbox 559 1364 672 1413; x_wconf 86' lang='lat' dir='ltr'>urbs</span> <span class='ocrx_word' id='word_1_133' title='bbox 703 1378 806 1413; x_wconf 87' lang='lat' dir='ltr'>erat</span> <span class='ocrx_word' id='word_1_134' title='bbox 839 1363 899 1412; x_wconf 91' lang='lat' dir='ltr'>ad</span> <span class='ocrx_word' id='word_1_135' title='bbox 921 1365 1132 1430; x_wconf 88' lang='lat' dir='ltr'>impetus</span> <span class='ocrx_word' id='word_1_136' title='bbox 1169 1365 1217 1412; x_wconf 89' lang='lat' dir='ltr'>in</span> <span class='ocrx_word' id='word_1_137' title='bbox 1251 1363 1607 1416; x_wconf 76' lang='lat' dir='ltr'>Macedoniam</span> 
     </span>
     <span class='ocr_line' id='line_1_20' title="bbox 312 1431 1607 1500; baseline 0.003 -21"><span class='ocrx_word' id='word_1_138' title='bbox 312 1431 586 1482; x_wconf 75' lang='lat' dir='ltr'>faciendos·</span> <span class='ocrx_word' id='word_1_139' title='bbox 619 1431 691 1481; x_wconf 86' lang='lat' dir='ltr'>Ita</span> <span class='ocrx_word' id='word_1_140' title='bbox 724 1433 987 1500; x_wconf 85' lang='lat' dir='ltr'>peragratis</span> <span class='ocrx_word' id='word_1_141' title='bbox 1027 1431 1237 1483; x_wconf 89' lang='lat' dir='ltr'>hostium</span> <span class='ocrx_word' id='word_1_142' title='bbox 1280 1435 1438 1500; x_wconf 85' lang='lat' dir='ltr'>agris,</span> <span class='ocrx_word' id='word_1_143' title='bbox 1475 1451 1607 1483; x_wconf 88' lang='lat' dir='ltr'>con-</span> 
     </span>
     <span class='ocr_line' id='line_1_21' title="bbox 313 1499 1606 1567; baseline 0.002 -18"><span class='ocrx_word' id='word_1_144' title='bbox 313 1499 385 1549; x_wconf 85' lang='lat' dir='ltr'>sul</span> <span class='ocrx_word' id='word_1_145' title='bbox 418 1503 465 1549; x_wconf 88' lang='lat' dir='ltr'>in</span> <span class='ocrx_word' id='word_1_146' title='bbox 506 1502 615 1549; x_wconf 86' lang='lat' dir='ltr'>loca</span> <span class='ocrx_word' id='word_1_147' title='bbox 646 1499 745 1566; x_wconf 75' lang='lat' dir='ltr'>jam</span> <span class='ocrx_word' id='word_1_148' title='bbox 780 1513 949 1567; x_wconf 86' lang='lat' dir='ltr'>pacata</span> <span class='ocrx_word' id='word_1_149' title='bbox 982 1501 1043 1549; x_wconf 86' lang='lat' dir='ltr'>ad</span> <span class='ocrx_word' id='word_1_150' title='bbox 1082 1501 1403 1567; x_wconf 85' lang='lat' dir='ltr'>Apolloniam</span> <span class='ocrx_word' id='word_1_151' title='bbox 1424 1540 1439 1561; x_wconf 93' lang='lat'>,</span> <span class='ocrx_word' id='word_1_152' title='bbox 1472 1502 1606 1553; x_wconf 86' lang='lat' dir='ltr'>unde</span> 
     </span>
     <span class='ocr_line' id='line_1_22' title="bbox 312 1568 1670 1636; baseline -0.002 -18"><span class='ocrx_word' id='word_1_153' title='bbox 312 1568 450 1618; x_wconf 86' lang='lat' dir='ltr'>orsus</span> <span class='ocrx_word' id='word_1_154' title='bbox 481 1570 662 1618; x_wconf 87' lang='lat' dir='ltr'>bellum</span> <span class='ocrx_word' id='word_1_155' title='bbox 698 1584 832 1630; x_wconf 85' lang='lat' dir='ltr'>erat,</span> <span class='ocrx_word' id='word_1_156' title='bbox 878 1570 1044 1635; x_wconf 82' lang='lat' dir='ltr'>copias</span> <span class='ocrx_word' id='word_1_157' title='bbox 1081 1569 1286 1619; x_wconf 84' lang='lat' dir='ltr'>reduxit.</span> <span class='ocrx_word' id='word_1_158' title='bbox 1326 1568 1606 1636; x_wconf 86' lang='lat' dir='ltr'>Philippum</span> <span class='ocrx_word' id='word_1_159' title='bbox 1664 1609 1670 1615; x_wconf 86' lang='lat'><em>.</em></span> 
     </span>
     <span class='ocr_line' id='line_1_23' title="bbox 311 1637 1606 1701; baseline 0.002 -15"><span class='ocrx_word' id='word_1_160' title='bbox 311 1653 593 1688; x_wconf 72' lang='lat' dir='ltr'>averterant</span> <span class='ocrx_word' id='word_1_161' title='bbox 621 1637 772 1687; x_wconf 84' lang='lat' dir='ltr'>AEtoli</span> <span class='ocrx_word' id='word_1_162' title='bbox 797 1676 812 1698; x_wconf 87' lang='lat'>‚</span> <span class='ocrx_word' id='word_1_163' title='bbox 842 1637 893 1686; x_wconf 88' lang='lat'>&amp;</span> <span class='ocrx_word' id='word_1_164' title='bbox 916 1637 1219 1687; x_wconf 83' lang='lat' dir='ltr'>Athamanes</span> <span class='ocrx_word' id='word_1_165' title='bbox 1236 1677 1249 1699; x_wconf 89' lang='lat'>‚</span> <span class='ocrx_word' id='word_1_166' title='bbox 1274 1637 1325 1687; x_wconf 87' lang='lat'><strong>&amp;</strong></span> <span class='ocrx_word' id='word_1_167' title='bbox 1355 1637 1606 1701; x_wconf 71' lang='lat' dir='ltr'>Dardani,</span> 
     </span>
     <span class='ocr_line' id='line_1_24' title="bbox 314 1706 1609 1773; baseline 0.002 -18"><span class='ocrx_word' id='word_1_168' title='bbox 314 1706 372 1755; x_wconf 71' lang='grc' dir='ltr'>ὅ(</span> <span class='ocrx_word' id='word_1_169' title='bbox 406 1722 480 1757; x_wconf 87' lang='lat' dir='ltr'>tot</span> <span class='ocrx_word' id='word_1_170' title='bbox 515 1707 645 1756; x_wconf 87' lang='lat' dir='ltr'>bella</span> <span class='ocrx_word' id='word_1_171' title='bbox 678 1706 878 1773; x_wconf 81' lang='lat' dir='ltr'>repente</span> <span class='ocrx_word' id='word_1_172' title='bbox 910 1707 1002 1755; x_wconf 89' lang='lat' dir='ltr'>alia</span> <span class='ocrx_word' id='word_1_173' title='bbox 1037 1723 1097 1757; x_wconf 86' lang='lat' dir='ltr'>ex</span> <span class='ocrx_word' id='word_1_174' title='bbox 1137 1707 1236 1756; x_wconf 87' lang='lat' dir='ltr'>aliis</span> <span class='ocrx_word' id='word_1_175' title='bbox 1268 1706 1386 1756; x_wconf 88' lang='lat' dir='ltr'>locis</span> <span class='ocrx_word' id='word_1_176' title='bbox 1419 1722 1609 1759; x_wconf 70' lang='lat' dir='ltr'>exorta,</span> 
     </span>
     <span class='ocr_line' id='line_1_25' title="bbox 311 1772 1607 1842; baseline 0.002 -19"><span class='ocrx_word' id='word_1_177' title='bbox 311 1773 567 1825; x_wconf 66' lang='lat' dir='ltr'>Adversus</span> <span class='ocrx_word' id='word_1_178' title='bbox 603 1774 866 1824; x_wconf 84' lang='lat' dir='ltr'>Dardanos</span> <span class='ocrx_word' id='word_1_179' title='bbox 898 1772 997 1840; x_wconf 77' lang='lat' dir='ltr'>jam</span> <span class='ocrx_word' id='word_1_180' title='bbox 1025 1776 1310 1842; x_wconf 79' lang='lat' dir='ltr'>recipientes</span> <span class='ocrx_word' id='word_1_181' title='bbox 1339 1792 1398 1825; x_wconf 85' lang='lat' dir='ltr'>ex</span> <span class='ocrx_word' id='word_1_182' title='bbox 1428 1775 1607 1826; x_wconf 85' lang='lat' dir='ltr'>Mace-</span> 
     </span>
     <span class='ocr_line' id='line_1_26' title="bbox 311 1842 1605 1911; baseline 0.001 -19"><span class='ocrx_word' id='word_1_183' title='bbox 311 1843 461 1893; x_wconf 88' lang='lat' dir='ltr'>donia</span> <span class='ocrx_word' id='word_1_184' title='bbox 484 1843 580 1893; x_wconf 91' lang='lat' dir='ltr'>sese</span> <span class='ocrx_word' id='word_1_185' title='bbox 600 1883 615 1904; x_wconf 79' lang='lat'>,</span> <span class='ocrx_word' id='word_1_186' title='bbox 657 1842 1025 1911; x_wconf 81' lang='lat' dir='ltr'>Athenagoram</span> <span class='ocrx_word' id='word_1_187' title='bbox 1053 1861 1163 1893; x_wconf 92' lang='lat' dir='ltr'>cum</span> <span class='ocrx_word' id='word_1_188' title='bbox 1197 1844 1434 1910; x_wconf 85' lang='lat' dir='ltr'>expeditis</span> <span class='ocrx_word' id='word_1_189' title='bbox 1458 1846 1605 1911; x_wconf 49' lang='lat' dir='ltr'>pedi*</span> 
     </span>
     <span class='ocr_line' id='line_1_27' title="bbox 311 1910 1605 1979; baseline 0.003 -19"><span class='ocrx_word' id='word_1_190' title='bbox 311 1913 439 1961; x_wconf 80' lang='lat' dir='ltr'>tibus</span> <span class='ocrx_word' id='word_1_191' title='bbox 473 1930 527 1961; x_wconf 87' lang='lat' dir='ltr'>ac</span> <span class='ocrx_word' id='word_1_192' title='bbox 570 1910 758 1977; x_wconf 82' lang='lat' dir='ltr'>majore</span> <span class='ocrx_word' id='word_1_193' title='bbox 791 1928 930 1979; x_wconf 88' lang='lat' dir='ltr'>parte</span> <span class='ocrx_word' id='word_1_194' title='bbox 969 1911 1207 1978; x_wconf 67' lang='lat' dir='ltr'>equitatus</span> <span class='ocrx_word' id='word_1_195' title='bbox 1238 1910 1392 1973; x_wconf 86' lang='lat' dir='ltr'>mifit,</span> <span class='ocrx_word' id='word_1_196' title='bbox 1432 1910 1605 1976; x_wconf 74' lang='lat' dir='ltr'>jussum</span> 
     </span>
     <span class='ocr_line' id='line_1_28' title="bbox 312 1979 1609 2049; baseline 0.004 -22"><span class='ocrx_word' id='word_1_197' title='bbox 312 1979 488 2030; x_wconf 88' lang='lat' dir='ltr'>instare</span> <span class='ocrx_word' id='word_1_198' title='bbox 521 1982 580 2030; x_wconf 89' lang='lat' dir='ltr'>ab</span> <span class='ocrx_word' id='word_1_199' title='bbox 611 1996 754 2049; x_wconf 85' lang='lat' dir='ltr'>tergo</span> <span class='ocrx_word' id='word_1_200' title='bbox 792 1980 1076 2030; x_wconf 83' lang='lat' dir='ltr'>abeuntibus</span> <span class='ocrx_word' id='word_1_201' title='bbox 1099 2018 1113 2041; x_wconf 88' lang='lat'>‚</span> <span class='ocrx_word' id='word_1_202' title='bbox 1150 1981 1202 2031; x_wconf 88' lang='lat'>&amp;</span> <span class='ocrx_word' id='word_1_203' title='bbox 1242 1981 1490 2047; x_wconf 84' lang='lat' dir='ltr'>carpendo</span> <span class='ocrx_word' id='word_1_204' title='bbox 1517 2000 1609 2048; x_wconf 89' lang='lat' dir='ltr'>po-</span> 
     </span>
     <span class='ocr_line' id='line_1_29' title="bbox 310 2046 1607 2117; baseline 0.002 -19"><span class='ocrx_word' id='word_1_205' title='bbox 310 2046 541 2098; x_wconf 78' lang='lat' dir='ltr'>stremum</span> <span class='ocrx_word' id='word_1_206' title='bbox 573 2066 750 2117; x_wconf 80' lang='lat' dir='ltr'>agmen</span> <span class='ocrx_word' id='word_1_207' title='bbox 773 2086 788 2109; x_wconf 89' lang='lat'>,</span> <span class='ocrx_word' id='word_1_208' title='bbox 820 2049 1066 2116; x_wconf 85' lang='lat' dir='ltr'>segniores</span> <span class='ocrx_word' id='word_1_209' title='bbox 1105 2066 1191 2099; x_wconf 87' lang='lat' dir='ltr'>eos</span> <span class='ocrx_word' id='word_1_210' title='bbox 1230 2050 1290 2098; x_wconf 90' lang='lat' dir='ltr'>ad</span> <span class='ocrx_word' id='word_1_211' title='bbox 1326 2051 1607 2100; x_wconf 82' lang='lat' dir='ltr'>movendos</span> 
     </span>
     <span class='ocr_line' id='line_1_30' title="bbox 313 2117 1606 2169; baseline 0.002 -3"><span class='ocrx_word' id='word_1_212' title='bbox 313 2117 470 2167; x_wconf 90' lang='lat' dir='ltr'>domo</span> <span class='ocrx_word' id='word_1_213' title='bbox 518 2120 757 2168; x_wconf 81' lang='lat' dir='ltr'>exercitus</span> <span class='ocrx_word' id='word_1_214' title='bbox 806 2117 1021 2167; x_wconf 87' lang='lat' dir='ltr'>efficere.</span> <span class='ocrx_word' id='word_1_215' title='bbox 1058 2117 1251 2168; x_wconf 85' lang='lat' dir='ltr'>AEtolos</span> <span class='ocrx_word' id='word_1_216' title='bbox 1289 2117 1606 2169; x_wconf 78' lang='lat' dir='ltr'>Damocritus</span> 
     </span>
     <span class='ocr_line' id='line_1_31' title="bbox 308 2186 1604 2253; baseline 0.004 -20"><span class='ocrx_word' id='word_1_217' title='bbox 308 2202 521 2252; x_wconf 65' lang='lat' dir='ltr'>praetor,</span> <span class='ocrx_word' id='word_1_218' title='bbox 561 2189 641 2253; x_wconf 89' lang='lat' dir='ltr'>qui</span> <span class='ocrx_word' id='word_1_219' title='bbox 678 2205 828 2236; x_wconf 85' lang='lat' dir='ltr'>morae</span> <span class='ocrx_word' id='word_1_220' title='bbox 849 2187 909 2235; x_wconf 86' lang='lat' dir='ltr'>ad</span> <span class='ocrx_word' id='word_1_221' title='bbox 934 2187 1298 2236; x_wconf 88' lang='lat' dir='ltr'>decernendum</span> <span class='ocrx_word' id='word_1_222' title='bbox 1335 2186 1518 2235; x_wconf 90' lang='lat' dir='ltr'>bellum</span> <span class='ocrx_word' id='word_1_223' title='bbox 1540 2188 1604 2238; x_wconf 82' lang='lat' dir='ltr'>ad</span> 
     </span>
     <span class='ocr_line' id='line_1_32' title="bbox 309 2253 1604 2322; baseline 0.002 -18"><span class='ocrx_word' id='word_1_224' title='bbox 309 2253 620 2322; x_wconf 62' lang='lat' dir='ltr'>Naupaclum</span> <span class='ocrx_word' id='word_1_225' title='bbox 657 2255 821 2305; x_wconf 57' lang='lat' dir='ltr'>auflor</span> <span class='ocrx_word' id='word_1_226' title='bbox 849 2254 1035 2317; x_wconf 88' lang='lat' dir='ltr'>fuerat,</span> <span class='ocrx_word' id='word_1_227' title='bbox 1064 2255 1196 2305; x_wconf 89' lang='lat' dir='ltr'>idem</span> <span class='ocrx_word' id='word_1_228' title='bbox 1230 2256 1458 2321; x_wconf 87' lang='lat' dir='ltr'>proximo</span> <span class='ocrx_word' id='word_1_229' title='bbox 1481 2274 1604 2306; x_wconf 85' lang='lat' dir='ltr'>con-</span> 
     </span>
     <span class='ocr_line' id='line_1_33' title="bbox 307 2322 1603 2391; baseline 0.004 -21"><span class='ocrx_word' id='word_1_230' title='bbox 307 2324 422 2373; x_wconf 86' lang='lat' dir='ltr'>cilio</span> <span class='ocrx_word' id='word_1_231' title='bbox 455 2325 515 2373; x_wconf 88' lang='lat' dir='ltr'>ad</span> <span class='ocrx_word' id='word_1_232' title='bbox 547 2341 678 2372; x_wconf 84' lang='lat' dir='ltr'>arma</span> <span class='ocrx_word' id='word_1_233' title='bbox 712 2324 1030 2384; x_wconf 82' lang='lat' dir='ltr'>conciverat,</span> <span class='ocrx_word' id='word_1_234' title='bbox 1069 2322 1177 2390; x_wconf 88' lang='lat' dir='ltr'>post</span> <span class='ocrx_word' id='word_1_235' title='bbox 1219 2323 1399 2371; x_wconf 83' lang='lat' dir='ltr'>famam</span> <span class='ocrx_word' id='word_1_236' title='bbox 1442 2341 1603 2391; x_wconf 56' lang='lat' dir='ltr'>eque&gt;-</span> 
     </span>
     <span class='ocr_line' id='line_1_34' title="bbox 306 2389 1602 2460; baseline 0.002 -20"><span class='ocrx_word' id='word_1_237' title='bbox 306 2389 409 2441; x_wconf 80' lang='lat' dir='ltr'>stris</span> <span class='ocrx_word' id='word_1_238' title='bbox 442 2393 502 2440; x_wconf 85' lang='lat' dir='ltr'>ad</span> <span class='ocrx_word' id='word_1_239' title='bbox 538 2390 875 2458; x_wconf 68' lang='lat' dir='ltr'>O&amp;0lophum</span> <span class='ocrx_word' id='word_1_240' title='bbox 906 2410 1116 2460; x_wconf 77' lang='lat' dir='ltr'>pugnae‚</span> <span class='ocrx_word' id='word_1_241' title='bbox 1149 2391 1602 2459; x_wconf 81' lang='lat' dir='ltr'>Dardanorumque</span> 
     </span>
     <span class='ocr_line' id='line_1_35' title="bbox 306 2459 1598 2525; baseline 0.001 -15"><span class='ocrx_word' id='word_1_242' title='bbox 306 2460 359 2510; x_wconf 72' lang='grc' dir='ltr'>ὅ(</span> <span class='ocrx_word' id='word_1_243' title='bbox 388 2459 597 2510; x_wconf 84' lang='lat' dir='ltr'>Pleurati</span> <span class='ocrx_word' id='word_1_244' title='bbox 623 2478 732 2509; x_wconf 88' lang='lat' dir='ltr'>cum</span> <span class='ocrx_word' id='word_1_245' title='bbox 769 2460 954 2525; x_wconf 85' lang='lat' dir='ltr'>Illyriis</span> <span class='ocrx_word' id='word_1_246' title='bbox 982 2460 1230 2510; x_wconf 86' lang='lat' dir='ltr'>tranfitum</span> <span class='ocrx_word' id='word_1_247' title='bbox 1263 2461 1311 2508; x_wconf 88' lang='lat' dir='ltr'>in</span> <span class='ocrx_word' id='word_1_248' title='bbox 1348 2459 1598 2511; x_wconf 90' lang='lat' dir='ltr'>Macedo-</span> 
     </span>
     <span class='ocr_line' id='line_1_36' title="bbox 304 2527 1595 2589; baseline 0.003 -10"><span class='ocrx_word' id='word_1_249' title='bbox 304 2530 469 2589; x_wconf 67' lang='lat' dir='ltr'>niam,</span> <span class='ocrx_word' id='word_1_250' title='bbox 511 2530 572 2578; x_wconf 88' lang='lat' dir='ltr'>ad</span> <span class='ocrx_word' id='word_1_251' title='bbox 605 2529 708 2580; x_wconf 86' lang='lat' dir='ltr'>haec</span> <span class='ocrx_word' id='word_1_252' title='bbox 742 2527 891 2580; x_wconf 85' lang='lat' dir='ltr'>claffis</span> <span class='ocrx_word' id='word_1_253' title='bbox 927 2527 1164 2578; x_wconf 87' lang='lat' dir='ltr'>Romanae</span> <span class='ocrx_word' id='word_1_254' title='bbox 1187 2528 1216 2579; x_wconf 94' lang='lat'><strong>6</strong></span> <span class='ocrx_word' id='word_1_255' title='bbox 1240 2528 1508 2580; x_wconf 86' lang='lat' dir='ltr'>adventum</span> <span class='ocrx_word' id='word_1_256' title='bbox 1544 2533 1595 2583; x_wconf 86' lang='lat' dir='ltr'>in</span> 
     </span>
    </p>
   </div>
   <div class='ocr_carea' id='block_1_2' title="bbox 367 2676 1594 2736">
    <p class='ocr_par' dir='ltr' id='par_1_4' title="bbox 367 2676 1594 2736">
     <span class='ocr_line' id='line_1_37' title="bbox 367 2676 1594 2736; baseline 0.003 -17"><span class='ocrx_word' id='word_1_257' title='bbox 367 2678 393 2719; x_wconf 76' lang='lat'><strong>6</strong></span> <span class='ocrx_word' id='word_1_258' title='bbox 413 2677 635 2721; x_wconf 74' lang='lat' dir='ltr'>Adventum</span> <span class='ocrx_word' id='word_1_259' title='bbox 661 2677 703 2720; x_wconf 80' lang='lat' dir='ltr'>in</span> <span class='ocrx_word' id='word_1_260' title='bbox 725 2677 918 2736; x_wconf 64' lang='lat' dir='ltr'>Oreum]</span> <span class='ocrx_word' id='word_1_261' title='bbox 982 2676 1095 2735; x_wconf 86' lang='lat' dir='ltr'>Lege</span> <span class='ocrx_word' id='word_1_262' title='bbox 1114 2677 1321 2720; x_wconf 64' lang='lat' dir='ltr'>adventum</span> <span class='ocrx_word' id='word_1_263' title='bbox 1341 2678 1501 2723; x_wconf 79' lang='lat' dir='ltr'>Oreum.</span> <span class='ocrx_word' id='word_1_264' title='bbox 1525 2677 1594 2723; x_wconf 79' lang='lat' dir='ltr'>Sic</span> 
     </span>
    </p>
   </div>
  </div>
 </body>
</html>
