1680 3052
250 94 296 151 L
341 106 363 151 1
411 106 447 148 B
494 107 527 148 E
570 107 611 148 R
699 86 1104 149 XXXVII.
1195 85 1350 167 '467

69 168 193 235 ’(103,
226 174 403 224 tradito
438 171 685 221 frumento
722 171 893 236 quibus
927 167 1117 234 jusserat
1152 171 1554 235 consul‚U,c,562,

74 243 123 290 in
156 243 329 291 eadem
363 241 530 290 stativa
570 239 744 299 rediit3
776 238 885 286 inde
925 239 1131 304 plurium
1165 240 1351 287 dierum
1367 242 1556 293 «mc-190.

73 312 352 376 praeparatis
373 311 561 357 cibariis
579 345 592 368 ‚
611 306 859 356 confilium
879 321 978 354 erat
996 308 1062 355 ire
1082 307 1143 354 ad
1164 305 1353 355 hostem

73 376 346 444 priusquam
377 378 531 426 hiems
564 377 876 442 opprimeret.
895 371 1051 440 Regia
1085 373 1232 422 castra
1259 376 1351 422 cir-
1497 425 1506 435 ‚

74 461 130 492 ca
160 443 398 511 Thyatira
431 458 567 494 erant
599 463 609 492 :
650 444 712 491 ibi
751 459 897 509 quum
932 440 1131 491 audisset
1162 442 1351 491 Antio-
1388 427 1557 526 lA'msoi-

75 511 188 561 'chus
210 512 262 562 P.
280 512 558 578 Scipionem
583 528 763 578 aegrum
792 509 970 558 Elaeam
997 510 1209 560 delatum
1229 547 1243 569 ‚
1279 502 1463 600 le-Jiffa
1541 509 1556 518 “

75 595 214 645 gatos
243 618 259 639 ,
296 583 377 646 qui
407 579 557 629 filium
603 580 662 627 ad
698 596 810 628 eum
845 579 1134 627 reducerent
1159 616 1174 638 ,
1210 564 1518 664 misit.fil‘im⁷{⁰

76 646 194 697 Non
228 647 382 697 solum
417 650 579 696 animo
611 650 768 712 patrio
802 660 989 713 gratum
1024 663 1195 695 munus
1218 684 1234 706 ‚
1270 645 1545 716 fedamiam,

75 718 270 781 corpori
304 733 498 782 quoque
530 715 714 764 salubre
749 715 975 782 gaudium
1003 713 1353 764 fuit2satiatus-

75 800 171 849 que
197 783 396 833 tandem
420 783 677 849 complexu
697 780 783 830 filii
799 820 814 842 ‚
835 785 1118 832 Renunciate
1135 820 1150 842 ,
1169 783 1352 848 inquit,
1403 789 1406 793 ’

72 853 250 918 gratias
269 853 359 919 regi
381 869 446 899 me
474 870 600 918 agere
624 870 637 900 .·
658 849 815 914 reftrre
832 853 1029 917 gratiam
1064 851 1206 899 aliam
1231 868 1354 900 nunc

80 938 171 968 non
201 918 323 986 poffe
343 956 359 977 ‚
386 919 519 985 qua'm
547 933 595 967 ut
617 918 875 984 suadeam,
907 937 961 967 ne
992 921 1097 967 ante¹
1129 923 1178 968 in
1210 921 1354 967 aciem

79 988 319 1052 descendat
334 1025 353 1045 ,
374 1005 404 1047 4
421 988 552 1053 qua'm
578 1002 627 1035 ut
650 989 697 1035 in
719 987 859 1053 castra
883 1003 948 1034 me
969 985 1121 1050 redzſje
1139 989 1353 1036 audierit.

77 1054 374 1122 Quanquam
425 1055 720 1121 septuaginta
767 1055 915 1104 millia
956 1055 1173 1120 peditum
1197 1092 1214 1116 ‚
1248 1056 1355 1121 plus

78 1121 339 1172 duodecim
369 1123 516 1171 millia
545 1125 759 1188 equitum
779 1159 795 1183 ,
820 1124 1008 1171 animos
1031 1124 1273 1171 interdum
1296 1124 1357 1172 ad

81 1190 219 1256 spem
252 1193 524 1240 certaminis
558 1189 834 1250 faciebant,
867 1205 1030 1239 motus
1057 1206 1222 1240 tamen
1244 1192 1392 1239 An-r-

83 1259 272 1307 tiochus
293 1260 411 1307 tanti
439 1257 719 1307 auctoritate
749 1259 874 1318 viri,
904 1261 951 1306 in
982 1277 1080 1325 quo
1112 1260 1171 1307 ad
1200 1262 1359 1308 incer-

84 1340 162 1375 tos
193 1327 307 1375 belli
336 1343 539 1376 eventus
568 1328 724 1376 omnis
757 1325 963 1374 fortunae
992 1326 1215 1393 posuerat
1245 1327 1363 1375 sub-

85 1392 200 1442 fidia
225 1430 240 1455 ,
273 1410 293 1458 5
334 1397 518 1461 recepit
550 1393 596 1443 se
628 1392 930 1461 transgreffus
960 1393 1223 1462 Phrygium
1258 1413 1364 1443 am-

84 1478 200 1510 nem
223 1499 237 1521 ‚
258 1464 478 1528 circaque
504 1462 802 1530 Magnesiam
830 1480 935 1529 quae
965 1463 1025 1511 ad
1045 1463 1269 1530 Sipylum
1295 1461 1363 1512 est

85 1529 245 1597 posuit
275 1528 419 1579 castra
451 1549 462 1578 ε
503 1530 557 1578 &
595 1547 655 1580 ne
680 1569 695 1591 .,
734 1531 850 1578 dum
883 1532 1132 1580 extrahere
1170 1548 1363 1596 tempus

86 1598 272 1657 vellet,
306 1600 606 1648 munimenta
636 1597 850 1647 Romani
886 1613 1124 1648 tentarent
1146 1636 1162 1660 ‚
1193 1598 1362 1648 fossam

86 1665 168 1715 sex
193 1665 362 1714 cubitis
381 1667 525 1715 altam
542 1704 555 1727 ‚
573 1666 830 1716 duodecim
849 1668 993 1715 latam
1009 1705 1024 1727 ‚
1045 1685 1192 1732 quum
1212 1667 1368 1716 duxisa

85 1734 154 1783 set
171 1772 185 1793 ,
207 1734 340 1784 extra
360 1734 537 1801 duplex
567 1736 745 1784 vallum
771 1733 900 1783 fossae
922 1736 1236 1785 circumdedit
1257 1753 1270 1794 3
1292 1739 1366 1783 in·-

39 1847 44 1850 .
86 1804 268 1851 teriore
291 1802 425 1851 labro
447 1820 633 1851 murum
659 1822 767 1852 cum
791 1804 996 1852 turribus
1019 1805 1197 1852 crebris
1218 1803 1364 1866 obie-

90 1874 154 1919 cit
171 1890 182 1918 :
199 1872 330 1920 unde
349 1869 486 1920 facile
508 1874 656 1920 arceri
675 1871 866 1921 tranfitu
886 1870 1014 1919 fossae
1032 1871 1177 1920 hostis
1194 1872 1368 1938 posset.

157 1936 446 1988 XXXVIII.
464 1937 647 1988 Consul
671 1943 794 1988 circa
812 1939 1053 2006 Thyatira
1078 1957 1243 2007 regem
1271 1939 1366 1990 effe

90 2020 216 2055 ratus
238 2044 254 2067 ,
279 2009 517 2056 continuis
543 2009 788 2057 itineribus
811 2011 980 2075 quinto
1016 2008 1094 2057 die
1125 2009 1185 2056 ad
1217 2008 1366 2076 Hyr-

91 2090 265 2123 canum
301 2093 524 2141 campum
545 2076 805 2125 descendit
831 2094 843 2133 ;
874 2077 986 2125 inde
1021 2094 1170 2142 quum
1196 2077 1364 2143 profe-

91 2141 216 2191 &um
247 2142 443 2192 audisset
460 2182 473 2203 ‚
502 2143 684 2193 secutus
711 2145 908 2211 vesti-gia
928 2183 941 2204 ‚
961 2147 1076 2193 citra
1097 2144 1363 2213 Phrygium

91 2229 311 2271 amnem,
351 2227 554 2277 quatuor
580 2214 728 2262 millia
760 2214 818 2261 ab
847 2212 982 2261 hoste
1013 2212 1170 2279 posuit
1203 2213 1369 2263 castra.

91 2278 165 2329 Eo
194 2281 323 2329 mille
355 2280 508 2330 ferme
541 2284 726 2348 equites
751 2280 1017 2348 (maxima
1047 2299 1153 2347 pars
1182 2279 1366 2331 Gallo-

93 2351 235 2415 graeci
273 2363 407 2397 erant
441 2387 456 2410 ‚
507 2350 558 2398 &
606 2348 762 2398 Dahae
803 2351 1034 2416 quidam,
1076 2351 1369 2417 aliarumque

159 2459 183 2493 4
220 2444 348 2502 Quum
378 2459 420 2485 ut
445 2451 483 2486 in
516 2448 695 2501 castra.]
763 2460 871 2488 trans
917 2446 1127 2503 Phrygium
1171 2463 1317 2487 amnem
1350 2461 1363 2487 ‚⁴

92 2505 201 2547 Dele
215 2507 626 2561 otios-<imparticuiam
641 2523 697 2550 ut.
764 2525 880 2564 quem
900 2511 1060 2564 quidem
1087 2510 1218 2549 veteri
1239 2511 1372 2559 nomi·->

165 2581 180 2615 ς
213 2568 373 2623 Recepit
388 2567 431 2622 se
453 2568 701 2624 transgrqffizs
763 2586 814 2614 ne
834 2572 999 2628 Hyllum
1019 2571 1127 2613 fuisse
1146 2572 1309 2616 voltum

99 2627 306 2687 Phrygium
327 2632 525 2686 amnem.]
557 2633 666 2689 Lege
680 2661 696 2684 7

984 2690 1034 2739 V
1050 2690 1099 2757 vj
