1680 3052
289 119 649 177 LIBER
730 111 1072 173 XXXII.
1236 131 1319 194 97

45 194 119 250 ‘nit
139 236 154 258 ‚
191 196 221 249 6
251 195 506 263 juffitque,
533 210 583 244 ut
606 210 712 260 quae
729 209 788 242 ex
810 193 888 242 sua
918 193 1054 243 classe
1083 194 1320 246 venissent
1333 207 1528 266 U,c‚554,

46 283 197 317 naves
225 303 240 325 ‚
281 265 515 315 Euboeam
560 275 799 328 peterent.
838 259 1023 309 Eretria
1056 260 1239 311 summa
1272 265 1528 318 via-C.1‹)8.

48 334 452 402 oppugnabatur:
496 348 608 380 narn
642 330 693 379 &
730 330 873 379 trium
905 326 1173 392 junetarum
1201 330 1322 380 clas·
1363 322 1527 368 Eretria

48 401 166 452 sium
190 419 337 452 naves
372 401 528 450 omnis
559 398 748 466 generis
781 410 1027 446 tormenta
1046 396 1320 446 machinas-
1334 396 1461 437 ⁰PP“·

50 487 146 538 que
192 470 252 518 ad
292 469 478 519 urbium
510 465 715 516 exscidia
750 463 911 514 secum
945 464 1241 531 portabant,
1271 457 1475 515 &gn‘m‘

51 540 152 606 agri
182 535 357 587 affatim
391 536 604 584 materiae
642 532 924 600 praebebant
956 532 1018 580 ad
1052 549 1184 583 nova
1214 549 1328 582 mo·

51 605 209 656 llenda
242 620 411 671 opera.
449 601 705 669 Oppidani
752 601 911 666 primo
960 599 1089 649 haud
1123 600 1333 668 impigre

50 673 304 722 tuebantur
352 671 531 721 moenia
573 687 586 719 ε
619 669 796 718 deinde
842 665 946 718 feffi
986 668 1329 736 vulneratique

48 740 262 806 aliquot,
286 756 433 805 quum
467 739 519 787 &
547 739 671 786 muri
702 751 891 803 partem
913 735 1129 785 eversam
1160 739 1335 802 operi0,

48 807 138 865 bus
184 805 390 856 hostium
434 818 719 865 cernerent,
752 805 814 854 ad
853 804 1154 854 deditionem
1187 804 1333 854 incli-

47 887 222 925 narunt
252 891 262 923 z
294 875 375 925 sed
393 873 662 941 praesidium
681 887 783 922 erat
806 872 1172 932 Macedonum,
1206 888 1331 939 quos

47 960 150 992 non
180 944 362 1003 minus,
394 942 540 1009 quam
575 941 829 991 Romanos
848 977 867 1000 ,
898 941 1181 991 metuebant
1219 958 1230 989 :
1273 942 1331 991 ὃ(

48 1008 288 1060 Philocles
329 1013 484 1078 regius
520 1008 769 1076 praefeRus
801 1027 828 1058 a
851 1007 1089 1058 Chalcide
1124 1009 1331 1060 nuncios

47 1079 272 1128 mittebat
292 1116 307 1139 ‚
338 1078 384 1128 se
408 1081 459 1127 in
485 1091 710 1143 tempore
744 1075 1001 1127 affuturum
1018 1114 1034 1138 ‚
1064 1076 1098 1125 fi
1123 1077 1331 1128 sustine-

47 1161 156 1196 rent
183 1145 503 1196 obfidionem.
533 1145 652 1194 Haec
679 1145 827 1195 mixta
860 1159 993 1195 metu
1028 1144 1165 1212 spes,
1201 1145 1330 1197 ultrix

47 1214 194 1281 quam
220 1214 431 1274 vellent,
469 1227 550 1263 aut
577 1212 723 1279 quam
759 1211 948 1279 possent
966 1250 982 1273 ‚
1011 1214 1200 1264 trahere
1239 1230 1330 1264 eos
1359 1254 1364 1258 .

49 1295 241 1349 tempus
282 1283 492 1349 cogebat
529 1299 540 1330 :
577 1280 789 1342 deinde,
819 1279 1133 1348 posteaquam
1168 1281 1333 1331 Philo-

48 1350 175 1400 clem
191 1350 458 1417 repulsum,
480 1349 904 1417 trepidantemque
924 1347 1144 1418 refugisse
1170 1347 1332 1399 Chal-

49 1418 211 1467 cidem
237 1431 559 1484 acceperunt,
599 1430 816 1467 oratores
858 1418 1106 1484 extemplo
1138 1417 1200 1466 ad
1226 1418 1332 1469 At-

46 1485 198 1535 talum
229 1489 423 1535 veniam
452 1484 698 1553 fidemque
718 1483 822 1552 ejus
838 1500 1062 1552 petentes
1082 1485 1332 1539 miserunt.

46 1551 186 1608 Dum
225 1554 274 1602 in
311 1553 443 1620 spem
482 1554 613 1620 pacis
653 1555 859 1615 intenti,
893 1553 1084 1623 segnius
1129 1571 1332 1606 munera

45 1619 163 1671 belli
199 1620 408 1684 obeunt,
446 1621 497 1672 &
528 1622 587 1672 ea
615 1622 767 1672 modo
793 1635 926 1688 parte
953 1622 1047 1689 qua
1068 1639 1230 1673 murus
1254 1622 1332 1672 di-

48 1705 180 1739 rutus
209 1705 310 1740 erat
330 1728 345 1751 ‚
381 1691 554 1740 ceteris
590 1689 820 1757 neglefiis
848 1726 864 1751 ‚
908 1688 1137 1741 stationes
1163 1707 1329 1741 arma-

45 1770 118 1807 tas
151 1772 446 1824 opponunt,
485 1757 722 1822 Quintius
749 1795 765 1819 ‚
805 1756 950 1808 noch]
986 1758 1047 1807 ab
1090 1774 1149 1809 ea
1191 1773 1326 1826 parte
1340 1775 1523 1835 Capitate

46 1842 155 1891 quae
189 1828 387 1877 minime
420 1825 630 1891 suspecta
664 1840 765 1875 erat
786 1826 970 1893 impetu
996 1825 1122 1877 faSto
1146 1865 1162 1888 ,
1188 1826 1327 1878 scalis
1517 1836 1521 1841 '

46 1892 216 1943 urbem
256 1898 403 1961 cepit.
452 1893 831 1961 Oppidanorum
871 1896 1030 1944 omnis
1065 1895 1329 1948 multitudo

46 1977 159 2009 cum
192 1961 479 2030 conjugibus
516 1980 571 2011 ac
602 1962 763 2012 liberis
786 1964 835 2010 in
868 1963 1284 2031 arcem'confugit
1311 1982 1328 2016 t

50 2029 229 2079 deinde
265 2031 312 2078 in
351 2031 653 2080 deditionem
687 2032 839 2080 venit.
870 2029 1090 2080 Pecuniae
1128 2035 1328 2099 aurique

48 2096 103 2146 &
139 2099 325 2164 argenti
357 2097 485 2147 haud
513 2097 623 2148 sane
655 2098 863 2148 multum
899 2097 988 2148 fuit
1016 2115 1028 2148 z
1055 2098 1184 2167 signa
1203 2137 1220 2161 ‚
1250 2115 1329 2150 ta-

47 2164 174 2214 bulae
205 2165 366 2232 priscae
407 2167 518 2216 artis
538 2204 553 2226 ,
592 2179 972 2233 ornamentaque
1004 2165 1108 2232 ejus
1137 2171 1329 2235 generis

49 2233 218 2298 plura,
248 2233 394 2300 quam
426 2252 516 2300 pro
544 2235 673 2284 urbis
700 2235 1031 2303 magnitudine
1050 2273 1069 2296 ,
1104 2251 1185 2287 aut
1219 2239 1329 2304 opi·-⁴

48 2301 138 2351 bus
167 2304 341 2352 ceteris
361 2339 379 2361 ,
409 2302 624 2353 inventa.

109 2405 136 2446 6
156 2404 340 2461 Jufficque
360 2434 373 2451 ,
397 2418 453 2446 ut.
472 2404 489 2458 ]
511 2404 655 2446 Verbo
715 2405 954 2460 praesentem
975 2419 1220 2464 congrueret
1238 2423 1330 2451 ora·

38 2465 178 2523 jubere
198 2467 447 2523 subjungitur
462 2465 548 2508 fere
563 2479 657 2507 ver·
718 2467 777 2508 tio
796 2495 807 2516 ,
840 2467 865 2510 fi
893 2471 1050 2525 legeres
1074 2484 1084 2512 z
1107 2470 1291 2525 Juffitque
1310 2499 1325 2521 ‚

50 2531 144 2570 bum
179 2527 319 2570 infiniti
361 2527 484 2569 modi.
522 2527 656 2582 Magis
719 2540 761 2568 ut
780 2544 931 2586 quaeque
957 2546 1005 2572 ex
1023 2528 1098 2585 sua
1120 2531 1235 2585 claffe
1255 2546 1328 2573 ve-

0 2638 1 2643 *
54 2591 97 2635 ἃ(
133 2590 182 2629 ad
224 2592 430 2644 vulgatum
465 2589 659 2643 loquendi
720 2588 860 2643 niffcnt
876 2606 1024 2639 naves,
1043 2592 1228 2634 Euboeam
1249 2607 1329 2650 [γε-ς

51 2665 205 2693 morem
221 2678 232 2696 ‚
247 2652 288 2694 ὃ(
307 2651 357 2691 ad
386 2664 471 2693 rem
496 2664 658 2708 quoque
720 2664 820 2694 tere.

195 2714 411 2763 Tam-V·
516 2735 520 2738 ·
1071 2710 1114 2767 Ε
