1680 3052
354 111 475 184 '520
639 102 911 166 Tit-1
1004 106 1344 165 Ltvrr

152 194 343 256 U,c,553,
351 186 516 252 populi
547 189 747 238 Romani
778 204 994 239 venerunt
1014 226 1028 248 ,
1063 207 1118 237 ne
1151 207 1277 253 quem
1313 205 1460 238 eorum
1480 188 1636 241 AEtoli

153 253 558 320 a.C.189.-r'ec‘epiffi
584 259 744 306 velint.
772 259 983 306 OEm'aclae
1003 274 1103 303 cum
1123 257 1227 304 urbe
1256 258 1454 323 agrisque
1474 264 1635 308 Acar-

353 340 525 371 nanum
565 325 721 390 sunto.
761 323 852 373 His
901 323 1088 391 legibus
1138 323 1296 373 foedus
1336 324 1477 373 ictum
1519 343 1632 377 cum

353 389 530 440 AEtolis
564 392 649 442 est.

181 463 344 517 Bellum
423 457 537 509 XII.
583 459 768 509 Eadem
799 475 899 508 non
937 457 1097 508 aestate
1140 460 1331 519 solum,
1366 459 1446 509 sed
1486 461 1643 511 etiam.

151 525 519 580 mancat-iisdem
554 546 710 594 prope
741 527 938 588 diebuS,
971 528 1143 595 quibus
1178 529 1279 576 haec
1302 547 1329 576 a
1354 528 1426 577 M.
1459 527 1632 579 Fulvio

147 591 341 654 lograecis.
357 595 549 644 consule
583 598 632 644 in
663 596 843 644 AEtolia
863 595 993 662 gesta
1024 595 1126 644 sunt
1151 632 1165 655 ‚
1191 595 1361 651 consul
1396 596 1516 646 alter
1538 594 1634 646 Cn.

355 662 570 713 Manlius
616 666 665 712 in
712 663 1034 731 Gallograecia
1068 663 1251 713 bellurn
1286 662 1453 731 gestit,
1500 665 1637 730 quod.

348 749 477 780 nunc
505 733 652 781 ordiri
672 749 889 799 pergam.
914 731 1047 781 Vere
1077 733 1236 798 primo
1256 730 1496 798 Ephesum
1514 751 1637 782 con-

349 799 415 849 sul
453 803 626 861 venit,
664 799 966 867 acceptisque
1017 803 1167 866 copiis
1205 808 1232 849 a
1267 798 1323 849 L.
1366 799 1638 866 Scipione,

352 869 407 916 &
442 872 654 918 exercitu
690 868 882 917 lustrato
908 905 922 929 ,
953 871 1246 919 concionem
1285 868 1411 934 apud
1455 870 1635 917 milites

349 935 515 985 habuit
546 954 557 985 :
598 938 723 1003 qua,
761 936 1031 985 collaudata
1054 938 1234 986 virtute
1268 953 1470 995 eorum,
1503 936 1638 1001 quod

350 1015 463 1053 cum
498 1005 747 1055 Antiocho
769 1024 866 1053 uno
893 1006 1058 1071 praelio
1080 1002 1393 1054 debellassent
1415 1021 1430 1063 3
1457 1004 1641 1053 adhor-

350 1088 478 1121 tatus
509 1089 596 1123 eos
626 1074 686 1123 ad
716 1091 903 1123 novum
942 1090 1051 1122 cum
1088 1071 1244 1123 Gallis
1278 1071 1633 1138 suscipiendum

349 1141 567 1202 bellum,
606 1143 689 1209 qui
731 1144 783 1190 &
814 1142 998 1191 auxiliis
1037 1141 1340 1190 Antiochum
1376 1139 1640 1206 juvissent,

351 1209 407 1258 ὃ(
428 1210 552 1260 adeo
584 1211 819 1260 indomita
852 1211 1084 1259 haberent
1104 1212 1295 1277 ingenia
1317 1247 1332 1269 ‚
1359 1225 1410 1258 ut
1431 1211 1639 1276 nequic-

353 1296 498 1344 quam
524 1278 796 1328 Antiochus
823 1294 1013 1328 emotus
1044 1279 1166 1327 ultra
1187 1277 1298 1345 juga
1318 1277 1469 1327 Tauri
1493 1296 1639 1327 mon-

351 1349 412 1395 tis
448 1345 560 1396 esset
581 1386 596 1407 ,
632 1346 716 1396 nisi
740 1345 1076 1415 frangerentur
1097 1364 1219 1413 opes
1247 1345 1505 1396 Gallorum
1526 1381 1553 1404 †
1574 1346 1640 1395 de

351 1414 398 1463 se
432 1433 628 1482 quoque
669 1434 822 1481 pauca
844 1453 859 1476 ,
898 1433 988 1465 nec
1023 1414 1135 1463 falsa
1159 1453 1173 1475 ,
1209 1431 1300 1464 nec
1340 1414 1638 1474 immodica,

352 1482 549 1547 adjecit.
585 1484 703 1533 Laeti
750 1502 857 1534 cum
890 1484 1127 1550 frequenti
1169 1482 1349 1533 assensu
1391 1481 1639 1532 consulem

351 1551 641 1602 audiverunt
661 1591 674 1613 ,
699 1570 886 1619 partem
908 1555 1081 1602 virium
1103 1552 1334 1600 Antiochi
1358 1549 1490 1601 fuisse
1513 1549 1642 1601 Gal-

352 1620 427 1669 los
452 1622 734 1682 credentes;
771 1638 884 1689 rege
917 1620 1170 1688 superato,
1194 1620 1378 1669 nullum
1412 1619 1642 1668 momen·-

352 1700 456 1736 ium
482 1692 529 1738 in
565 1689 675 1738 solis
707 1708 794 1756 per
827 1690 876 1739 se
907 1688 1167 1739 Gallorum
1191 1690 1344 1756 copiis
1374 1686 1500 1737 fore.
1533 1685 1642 1735 Eu·-

351 1774 552 1807 menem
589 1759 716 1807 haud
750 1761 797 1807 in
832 1774 1058 1824 ternpore
1091 1756 1247 1806 abeffe
1291 1755 1638 1823 (Romaetunc

354 1826 498 1892 erat)
539 1826 737 1876 credere
772 1826 970 1888 consul,
1000 1844 1199 1893 gnarum
1231 1826 1453 1874 locorum
1485 1823 1643 1872 horni-

355 1911 570 1961 numque
594 1933 607 1955 ‚
640 1895 691 1943 ἃ
732 1894 863 1959 cujus
904 1892 1145 1944 intereffet
1194 1892 1346 1960 frangi
1382 1890 1641 1940 Gallorum

360 1979 500 2029 opes.
522 1963 741 2012 Attalum
773 1965 912 2030 igitur
931 1962 1129 2012 fratrem
1151 1960 1254 2027 ejus
1276 1959 1462 2010 arcessit
1480 1979 1506 2008 a
1526 1958 1644 2008 Per-

397 2049 508 2080 amo
526 2069 541 2092 ‚
570 2032 878 2098 hortatusque
906 2032 968 2080 ad
990 2029 1329 2098 capessendum
1357 2029 1515 2079 secum
1532 2028 1645 2078 bel-

357 2048 459 2149 {um
483 2138 495 2160 ‚
532 2100 850 2166 pollicentem
900 2099 1029 2148 suam
1082 2098 1374 2165 suorumque
1411 2114 1643 2164 operam,

362 2168 565 2217 domum
599 2168 657 2216 ad
677 2168 1059 2235 comparandum
1094 2168 1308 2217 dimittit.
1331 2163 1515 2215 Paucos
1536 2163 1642 2231 post

361 2238 464 2285 dies
487 2235 706 2303 profecto
736 2238 795 2286 ab
830 2236 1025 2303 Epheso
1048 2235 1227 2285 consuli
1249 2236 1309 2284 ad
1341 2233 1641 2302 Magnesiam

362 2308 572 2354 occurrit
598 2305 789 2354 Attalus
836 2323 945 2354 cum
978 2305 1110 2354 mille
1142 2303 1382 2370 peditibus
1408 2341 1421 2363 ‚
1461 2304 1642 2370 equiti-

359 2374 451 2422 bus
488 2373 737 2434 ducentis,
774 2373 1016 2423 Athenaeo
1051 2373 1194 2422 fratre
1225 2371 1344 2436 jusso
1368 2388 1474 2420 cum
1501 2385 1642 2420 cete-

361 2444 424 2489 ris
464 2444 616 2507 copiis
658 2440 913 2506 subsequi3
958 2441 1299 2491 commendata
1333 2442 1389 2487 iis
1427 2438 1644 2488 custodia.

361 2507 614 2577 Pergami,
647 2528 767 2575 quos
799 2511 929 2558 fratri
951 2526 1196 2577 regnoque
1236 2508 1360 2558 fidos
1393 2508 1640 2557 credebat.

361 2575 548 2625 Consul
588 2578 867 2627 collaudato
899 2580 1074 2640 juvene
1098 2616 1111 2637 ,
1148 2594 1256 2626 cum
1295 2577 1518 2626 omnibus
1548 2593 1643 2624 co·-

355 2647 451 2713 piis
494 2647 557 2698 ad
591 2645 902 2715 Maeandrum·
929 2644 1232 2716 progressus,
1265 2645 1415 2698 castra
1451 2642 1646 2714 posuit,¹
