1680 3052
291 108 367 173 80
554 105 1256 173 T1T1L1v11

84 195 536 262 U.c.553.exigerent
568 193 733 245 :simul
766 210 799 261 9
830 198 911 263 qui
942 196 1207 246 redderent
1242 192 1438 246 Achaeis
1477 192 1586 246 Orss'

80 259 270 315 2·C·199·
288 264 598 325 chomenon,
618 264 671 313 &
687 263 912 313 Heraeam
927 301 942 324 ‚
963 264 1019 313 &
1039 262 1354 330 Triphyliam
1371 281 1386 323 ;
1406 281 1425 312 1
1450 262 1580 315 Eleis

284 330 575 399 Alipheram
594 369 613 391 ‚
650 332 1057 382 contendentibus
1086 349 1334 398 nunquam
1360 348 1470 381 eam
1492 350 1582 381 ur-

282 398 401 450 bem
446 400 582 449 fuisse
616 416 677 450 ex
711 398 1007 466 Triphylia,
1048 399 1131 449 sed
1162 399 1249 450 fibi
1278 399 1461 449 debere
1500 418 1582 450 re·

281 466 407 518 stitui
426 505 442 528 ‚
483 485 512 516 2
545 469 657 534 quia
681 485 777 516 una
809 467 926 517 effet
949 485 1009 517 ex
1034 469 1091 516 iis
1123 485 1229 535 quae
1259 467 1320 517 ad
1348 469 1581 517 conden-

283 537 398 585 dam
420 535 783 602 Megalopolim
801 573 815 597 ‚
838 553 898 587 ex
920 535 1130 586 concilio
1154 535 1405 586 Arcadum
1424 575 1438 597 ‚
1459 553 1582 585 con-

280 605 473 655 tributae
519 603 701 653 forent.
750 602 811 653 Et
863 621 976 654 cum
1017 603 1209 653 Achaeis
1259 605 1457 671 quidem
1493 622 1599 671 per*
1652 602 1654 605 ’

282 673 389 722 haec
427 671 711 722 societatem
753 671 993 723 firmabat.
1028 687 1051 737 3
1099 672 1435 723 Macedonum
1472 670 1596 722 ani-¹

281 758 397 790 mos
420 739 505 788 fibi
527 742 806 790 conciliavit
824 758 935 791 cum
962 740 1228 791 Heraclide
1253 756 1264 789 :
1291 759 1404 790 nam
1430 758 1580 808 quum

282 825 400 858 enm
435 810 645 859 maxime
677 810 871 860 invidiae
910 808 996 860 fibi
1026 808 1118 859 esse
1156 823 1412 870 cerneret,
1447 810 1582 859 mul-

282 879 343 929 tis
387 878 663 926 criminibus
699 893 989 940 oneratum,
1023 879 1072 927 in
1102 879 1299 927 vincula
1332 876 1580 942 conjecit,

281 947 467 1013 ingenti
500 946 806 1013 popularium
837 947 1034 1016 gaudio.
1070 945 1295 1007 Bellum,
1327 945 1361 994 fi
1384 947 1582 1012 quando

283 1031 501 1081 unquam
539 1015 649 1063 ante
679 1016 794 1065 alias
817 1053 832 1076 ,
872 1032 982 1064 cum
1017 1032 1195 1083 magna
1234 1032 1345 1064 cura
1379 1033 1585 1081 appara-

285 1084 392 1142 vit,
433 1085 743 1150 exercuitque
786 1086 835 1133 in
873 1085 1016 1134 armis
1050 1083 1104 1132 δε
1147 1082 1489 1144 Macedonas,
1527 1084 1581 1135 &

281 1153 619 1201 mercenarios
661 1152 837 1202 milites
874 1170 886 1202 :
921 1153 1259 1220 principioque
1304 1152 1434 1202 veris
1469 1170 1583 1202 cum

283 1218 615 1288 Athenagora
654 1223 820 1271 omnia
862 1236 1061 1272 externa
1096 1220 1304 1280 auxilia,
1347 1220 1584 1288 quodque

342 1319 370 1361 9
396 1307 478 1367 Qui
494 1307 800 1361 redderent.]1d
819 1308 871 1349 est
885 1337 897 1358 ‚

279 1371 351 1425 qui
387 1370 641 1411 redditurum
674 1385 771 1411 mox
804 1371 900 1412 Phi-

277 1433 436 1487 lippum
491 1432 755 1487 sponderent.
805 1433 900 1475 Hoc

281 1495 389 1536 enim
420 1505 606 1549 tempore
632 1495 788 1536 reddita
816 1510 900 1537 non

283 1555 364 1598 effe
385 1557 471 1597 haec
488 1558 577 1597 loca
601 1558 760 1600 Achaeis
784 1572 903 1613 appa-

283 1630 351 1660 ret
368 1632 418 1659 ex
435 1618 652 1668 XXXIII,
677 1630 732 1672 34
746 1648 757 1668 ,
779 1621 904 1662 infra.

354 1693 370 1722 1
394 1680 508 1722 Eleis
519 1681 798 1738 Alipheram-J
817 1682 904 1723 Du-

283 1742 408 1784 bitari
421 1757 503 1784 non
521 1743 652 1799 potest
668 1772 679 1791 ‚
697 1745 793 1799 quin
809 1745 905 1785 scri-

284 1804 409 1860 pserit
433 1805 572 1847 Livius
591 1833 604 1854 ‚
625 1805 905 1863 Megalopoli-

283 1867 337 1908 tis
353 1895 364 1916 ,
380 1881 462 1908 non
479 1867 609 1910 Eleis.
629 1867 675 1909 Id
690 1880 805 1923 patet
818 1879 904 1910 tum

284 1942 340 1971 ex
373 1929 418 1970 iis
453 1944 543 1985 quae
577 1929 796 1986 sequuntur
821 1932 903 1972 hoc

281 1990 372 2046 ipso
387 1993 480 2032 loco
495 2007 506 2040 ;
521 2002 604 2032 tum
622 2006 673 2033 ex
692 1993 899 2042 XXVIII,

285 2052 315 2094 8
339 2053 433 2101 ,ubi
460 2055 508 2093 ab
540 2055 688 2094 eodem
715 2055 904 2110 Philippo

283 2113 439 2156 Heraea
467 2115 604 2156 itidem
631 2117 671 2158 &
691 2117 904 2173 Triphylia

284 2177 451 2217 Achaeis
465 2206 477 2223 ‚
498 2177 690 2232 Aliphera
712 2179 905 2234 Megalo-

284 2238 425 2293 politis
443 2238 676 2281 restituitur.
690 2241 771 2281 Sed
788 2242 905 2282 nimi·

285 2315 376 2343 rum
394 2314 460 2341 eas
479 2300 560 2342 five
579 2303 698 2344 urbes
713 2331 724 2351 ,
739 2302 818 2344 five
835 2317 904 2345 re-

287 2363 499 2418 giunculas
528 2363 664 2417 postea
697 2363 904 2419 Philippus

287 2424 436 2466 iterum
463 2425 503 2465 in
529 2425 634 2465 suam
663 2426 905 2479 potestatem

288 2485 487 2542 redegisse
545 2486 768 2529 censendus
831 2489 902 2529 est.

289 2546 423 2588 Porro
439 2541 746 2604 Megalopolitae
761 2550 905 2591 foederi

291 2610 455 2664 quidem
480 2609 724 2653 Achaeorum
756 2612 906 2652 adscri-

291 2670 353 2728 pti
365 2682 497 2718 erant.
512 2672 592 2716 Sed
602 2683 738 2718 tamen
748 2675 904 2726 urbem,

963 1324 1051 1364 quae
1071 1308 1231 1350 suorum
1261 1306 1426 1362 proprie
1442 1306 1583 1350 finium

963 1371 1061 1413 effet
1085 1367 1197 1420 ,fibi
1244 1370 1430 1425 privatim
1451 1398 1464 1419 ,
1497 1384 1583 1412 non

964 1433 1166 1476 communi
1189 1432 1434 1475 Ach'aeorum
1454 1459 1467 1481 ‚
1497 1446 1582 1474 me·

963 1493 1044 1538 rito
1070 1496 1218 1537 volunt
1244 1494 1416 1536 restitui.

1029 1569 1057 1600 2
1082 1556 1190 1617 Quia
1221 1572 1299 1598 una
1329 1555 1422 1611 effet
1451 1570 1501 1597 ex
1532 1554 1583 1598 iis

966 1635 1047 1676 quae
1064 1622 1117 1660 ad
1133 1620 1375 1661 condendam
1389 1618 1585 1675 Megalo-

962 1681 1131 1739 polim.]
1146 1681 1422 1738 Megalopolis
1442 1680 1584 1723 condi-

967 1755 1009 1786 ta
1041 1745 1174 1786 fuerat
1192 1772 1204 1791 ‚
1230 1743 1395 1785 auclore
1422 1743 1586 1797 Epami-

967 1806 1102 1849 nonda
1122 1834 1135 1855 ,
1169 1805 1305 1848 multis
1338 1805 1584 1861 ignobilibus

967 1869 1152 1910 Arcadiae
1195 1867 1296 1910 vicis
1342 1866 1584 1923 oppidisque

966 1932 1007 1972 in
1040 1944 1158 1972 unam
1191 1932 1331 1971 urbem
1363 1962 1376 1981 ,
1417 1928 1585 1982 majoris

966 1994 1126 2034 roboris
1143 1992 1269 2050 grati&
1282 2021 1293 2040 ,
1312 1992 1555 2033 contributis
1572 2019 1586 2040 ,

967 2069 1019 2097 ex
1052 2055 1254 2097 communi
1285 2054 1416 2112 gentis
1449 2053 1584 2095 Arca-

967 2119 1060 2159 dum
1081 2118 1272 2158 decreto.

1029 2191 1050 2233 3
1069 2179 1334 2220 Macedonum
1346 2177 1585 2233 animosfibi

968 2241 1201 2283 conciliavit
1219 2256 1302 2281 cum
1314 2239 1548 2282 Heraclide.
1562 2240 1582 2294 ]

967 2303 1063 2345 Hoc
1101 2303 1319 2357 suspeetum
1357 2302 1474 2343 nobis
1510 2301 1583 2344 est.

968 2365 1168 2406 Mendurn
1193 2366 1320 2406 latere
1351 2364 1512 2405 videtur
1542 2365 1584 2406 in

968 2428 1115 2469 vocula
1133 2442 1230 2467 cum.
1251 2426 1398 2468 Sensus
1417 2437 1582 2480 apertus

969 2502 1021 2530 ex
1041 2489 1298 2544 sequentibus
1318 2502 1329 2529 t
1353 2488 1583 2531 Heraclidis

969 2551 1100 2603 capite
1122 2550 1374 2605 popularium
1403 2564 1582 2591 amorem

967 2613 1154 2654 redemit.
1196 2613 1265 2654 De
1313 2612 1531 2652 Heraclide
1566 2639 1580 2662 ,

968 2674 1052 2721 vid.
1068 2684 1160 2723 not.
1184 2686 1201 2720 ι
1219 2701 1234 2728 ,
1251 2673 1301 2717 ad
1319 2673 1465 2718 XXXI
1485 2701 1497 2725 ‚
1514 2673 1586 2733 16,
