1680 3052
332 127 531 189 '113
581 143 697 185 ER
783 127 1109 190 XXXII.

93 211 149 266 id
162 250 180 273 ,
217 212 350 263 etiam
386 211 550 277 quibus
577 211 683 258 ante
717 210 1000 275 displicuerit
1021 247 1037 267 ,

1257 136 1373 208 103⁴

1071 225 1094 278 3
1130 230 1214 276 pro
1259 214 1575 274 honoU.c.55-5.⁴

94 298 228 347 atque
251 282 357 330 utili
375 280 545 344 foedere
577 276 922 343 defendendum.
957 277 1076 325 Haec
1097 277 1573 329 adhortatioa-C..198.

94 352 310 418 praetoris
328 386 342 410 ‚
379 365 412 408 4
431 364 532 396 non
556 346 709 395 modb
729 362 1025 413 quemquam
1042 363 1193 393 unum
1212 347 1372 396 elicuit
1404 336 1573 387 Frustra.

94 418 158 468 ad
196 416 519 473 suadendum3
551 413 633 462 sed
661 432 723 464 ne
757 413 1004 464 fremitum
1038 413 1268 480 quidem,
1293 431 1375 465 aut

94 504 309 536 murmur
347 484 599 533 concionis
631 498 800 544 tantae,
825 498 887 533 ex
919 496 994 532 tot
1028 482 1222 548 populis
1256 499 1371 530 con-

93 569 300 623 gregatae
319 589 335 610 ,
364 553 540 600 movit.

160 619 297 669 XXI.
325 618 457 668 Tum
491 616 750 668 Aristaenus
784 631 963 685 praetot·
990 615 1142 667 rursus
1166 637 1179 668 ε
1209 632 1229 683 5
1258 619 1369 666 Non
1436 626 1576 678 Pergit

93 689 238 756 magis
287 689 519 753 confilium
562 688 693 737 vobis
721 724 739 746 ‚
784 688 1017 753 principes
1062 687 1548 746 Achaeorum,Ar1st.2-

91 757 234 823 deest,
259 758 394 821 qua'm
426 756 583 821 lingua
615 755 729 821 :sed
746 756 834 821 fito
865 755 1051 820 quisque
1081 755 1288 821 periculo
1322 756 1468 803 inmas.

51 862 54 866 -
88 842 317 873 commune
343 824 591 888 considium
613 843 704 872 non
721 825 840 873 vult.
870 824 1077 888 Forsitan
1095 841 1173 889 ego
1195 841 1370 889 quoque

89 907 200 942 tace}
215 909 308 952 em,
335 894 619 958 fiprivatus
648 889 773 955 effem
807 910 822 940 .·
854 909 973 939 nunc
1002 905 1203 956 praetor,
1235 891 1372 940 video

73 976 173 1009 -aut
204 979 294 1008 non
316 960 516 1008 dandum
551 960 794 1008 concilium
828 959 992 1024 legatis
1000 957 1140 1024 fitzſje
1157 995 1172 1018 ,
1200 974 1282 1007 aut
1301 960 1377 1007 in-

89 1029 144 1076 de
163 1030 261 1093 fine
289 1027 494 1093 responso
515 1046 589 1076 eos
623 1029 914 1076 dimittendos
934 1046 1023 1075 non
1058 1025 1170 1090 effi:
1194 1027 1379 1092 respon·

89 1097 192 1145 dere
224 1110 406 1156 autem,
442 1097 530 1160 nisi
555 1113 613 1143 ex
646 1097 782 1161 vestro
817 1097 991 1143 decreto
1010 1132 1029 1153 ,
1065 1094 1145 1160 qui
1156 1093 1330 1161 poffum
1349 1097 1375 1144 ἓ

87 1166 159 1215 Et
193 1166 376 1229 quando
409 1181 536 1213 nemo
576 1164 760 1230 vestram
781 1200 796 1222 ‚
827 1165 903 1228 qui
940 1163 987 1211 in
1019 1164 1102 1212 lzoc
1131 1164 1377 1214 concilium

89 1233 308 1282 advocati
352 1233 451 1299 estis
481 1268 499 1292 ,
540 1249 626 1298 pro
672 1230 902 1296 sententia
943 1230 1184 1298 quicquam
1231 1233 1378 1280 dicere

91 1301 194 1351 vult
216 1338 230 1360 ,
269 1315 351 1348 aut
387 1300 526 1348 audet
542 1316 565 1358 ;
593 1300 824 1348 orationes
860 1299 1108 1364 legatorum
1132 1337 1149 1358 ,
1184 1300 1378 1366 hesterno

90 1369 167 1417 die
204 1369 377 1428 dietas,
395 1385 480 1434 pro
507 1367 746 1433 sententiis
773 1366 1155 1433 percenseamus,
1188 1369 1378 1434 perinde

89 1453 147 1484 ac
174 1436 224 1499 fi
256 1454 346 1484 non
371 1435 705 1502 postulaverint
738 1451 835 1500 quae
872 1453 894 1484 e
920 1435 1074 1500 resim
1107 1433 1270 1500 effent‚
1291 1436 1382 1501 sed

77 1501 305 1570 fitaserint
335 1520 432 1565 quae
451 1504 583 1552 nobis
611 1504 835 1568 censerent
863 1504 1001 1553 utilia
1023 1502 1121 1568 effe.
1145 1506 1378 1563 Romani,

87 1571 346 1636 Rhodiique
366 1607 382 1631 ‚
415 1571 461 1620 ὅ*
490 1573 688 1622 Attalus
705 1608 724 1630 ,
746 1570 1009 1636 sbcietatem
1037 1573 1376 1635 amicitiamque

87 1641 276 1704 nostram
306 1654 467 1705 petunt
503 1657 519 1691 .·
550 1640 595 1689 ὃ*
628 1641 676 1689 in
712 1640 831 1689 bello
863 1642 985 1705 quod
1010 1640 1231 1688 adversits
1260 1641 1378 1689 Plzi-

88 1708 262 1775 lippum
294 1723 485 1775 gerunt‚
518 1708 570 1774 fe
600 1727 631 1755 a
663 1709 794 1757 nobis
823 1707 1043 1772 adjtcvari
1073 1726 1247 1774 aequum
1273 1727 1380 1758 cen·

154 1812 175 1855 3
205 1800 288 1843 Pro
321 1801 422 1843 bono
456 1815 570 1856 atque
605 1801 698 1841 utili

80 1861 229 1920 foedere
265 1862 560 1917 defendendum.
579 1864 596 1917 ]
618 1863 698 1904 Le-

89 1939 139 1981 ge
158 1939 170 1966 t
187 1924 280 1980 fore
300 1924 594 1980 defendendam.
616 1926 698 1965 Ha-

89 1988 159 2028 bet
219 1987 406 2042 quiddam
467 1987 698 2030 inconcinni

86 2049 249 2103 vuigata
277 2049 394 2090 leffio
415 2049 486 2089 :id
505 2078 516 2097 ,
549 2064 696 2104 nempe

86 2111 198 2165 quod
234 2110 441 2152 decretum
474 2112 550 2151 erit
574 2142 587 2162 ‚
619 2125 695 2166 pro

88 2172 191 2213 bono
210 2185 325 2227 atque
345 2173 437 2212 utili
455 2172 602 2226 foedere
624 2174 697 2213 de-

79 2232 335 2289 fendendum.
366 2233 476 2287 Quid
503 2234 530 2274 fi
563 2235 694 2276 foedus

87 2310 170 2337 non
191 2296 433 2336 decernatur
452 2324 463 2343 ,
486 2297 549 2336 sed
572 2298 694 2338 Cieo-

87 2358 271 2399 medonti
292 2368 477 2412 pareatur
497 2387 510 2403 ‚
532 2359 595 2412 qui
616 2387 627 2406 ‚
650 2369 694 2399 ut

87 2430 254 2473 apparet
271 2434 320 2460 ex
333 2420 517 2461 oratione
530 2420 693 2474 sequen·

761 1816 797 1843 c.
826 1814 877 1855 59
903 1830 914 1849 ‚
941 1800 1033 1855 fhre
1057 1797 1368 1856 erubescendum.

821 1877 849 1915 4
878 1864 975 1905 Non
1008 1864 1122 1903 modi>
1151 1878 1373 1919 quemquam

758 1925 928 1979 unum]
973 1926 1069 1965 Non
1112 1924 1236 1967 mod&
1270 1940 1372 1967 non.

759 1987 855 2028 Hoc
888 1986 967 2042 jam
995 1986 1099 2041 saepe
1135 1986 1374 2029 observavi-

758 2064 863 2091 mus.

826 2123 841 2162 5
865 2110 960 2151 Non
976 2109 1096 2166 magis
1115 2108 1332 2164 confilium.
1351 2109 1368 2162 ]

758 2173 853 2213 Non
870 2172 995 2228 magis
1012 2172 1129 2212 vobis
1152 2172 1258 2212 deest
1276 2171 1370 2225 quid

759 2235 938 2276 sentiatis
975 2236 1016 2276 &
1051 2233 1229 2274 statuatis
1263 2234 1368 2286 apud

757 2298 909 2340 animos
932 2296 1083 2337 vestros
1114 2296 1163 2336 de
1192 2309 1236 2336 re
1266 2309 1369 2348 prae·

759 2356 858 2399 senti
887 2390 898 2409 ‚
934 2361 1049 2412 quiam
1086 2357 1219 2410 lingua
1248 2384 1259 2404 ‚
1292 2355 1371 2409 qu&

759 2421 867 2462 sensa
880 2420 997 2460 animi
1010 2418 1251 2459 enuncietis.
1270 2419 1370 2458 Con-

88 2479 121 2520 ti
138 2508 150 2528 ‚
196 2480 385 2522 suadebat
428 2482 586 2522 Achaeis
609 2510 620 2529 ,
651 2493 695 2522 ut
748 2481 881 2535 filium
897 2481 962 2522 hic
977 2480 1064 2521 fere
1081 2481 1225 2520 eodem
1243 2480 1368 2520 modo

87 2540 342 2595 quiescerent
360 2543 556 2597 armisque
585 2543 694 2584 absti‹

90 2614 234 2642 nerent
250 2601 266 2643 ἓ
281 2604 381 2644 Fore
397 2604 693 2655 defendendum,

86 2675 136 2718 με
163 2664 293 2715 infra,
330 2666 401 2709 nb.
427 2666 659 2714 xxxviii
680 2699 694 2721 ,

760 2544 904 2584 dicitur
923 2558 942 2582 a
962 2542 1077 2583 Livio
1101 2569 1112 2588 ,
1148 2556 1227 2595 quo
1253 2540 1369 2595 supril

759 2605 979 2652 XXVIII,
1018 2616 1070 2654 27
1099 2630 1110 2648 ‚
1136 2617 1206 2642 nec
1239 2601 1369 2655 confi-

758 2667 854 2710 lium
866 2695 877 2717 ,
894 2681 964 2708 nec
979 2663 1107 2708 oratio
1120 2661 1367 2720 suppeditat·

1051 2720 1163 2776 Eiv
