1680 3052
277 129 626 187 LIBER
706 118 1075 186 XXXIV.
1217 145 1327 205 223

63 428 195 474 erat,
221 426 801 478 venerunt:querentes,
837 410 1031 477 castella
1061 410 1150 476 fica
1185 428 1330 475 oppu-

15 536 18 539 ,
56 483 190 547 gnari
208 519 223 542 ,
242 499 320 529 nec
346 481 471 546 spem
499 480 644 527 ullam
671 478 752 544 effe
778 479 999 545 resistendi
1023 515 1037 536 ,
1068 479 1156 543 nisi
1171 480 1332 543 preest-

0 543 6 583 ἱ
58 550 184 596 dium
228 549 427 597 Romani
470 546 691 612 mififfent.
739 549 899 614 Quina
943 546 1093 595 millia
1136 547 1331 595 militum

49 615 170 682 satis
206 614 284 680 effe
309 633 426 665 :nec
456 616 594 681 hostes
616 615 641 677 ',
672 617 721 679 fi
750 629 881 663 tanta
915 632 1078 662 manus
1114 613 1332 677 venisset,

57 683 304 749 manfitros.
329 682 412 732 Ad
444 700 500 732 ea
533 682 731 744 consul,
754 684 940 734 Moveri
974 683 1151 747 quidem
1171 683 1224 747 se
1258 683 1337 731 vel

49 752 252 819 periculo
284 769 434 800 eorum
451 788 466 811 ‚
492 753 571 800 vel
587 767 706 800 metu
729 750 907 800 dicere.
931 752 1028 800 Sed
1049 750 1140 815 fibi
1159 768 1333 815 nequa-

54 836 186 884 quam
223 834 398 868 tantum
430 820 664 884 copiarum
702 817 783 883 effi
816 856 832 879 ‚
868 833 918 867 ut
944 855 961 876 ,
997 836 1132 884 quum
1167 835 1334 884 magna

53 887 126 936 vis
158 887 339 953 hostium
370 889 496 935 haud
517 887 683 952 procul
716 887 863 950 absit,
898 901 922 951 3
952 886 996 935 G·
1021 921 1037 945 ‚
1059 886 1192 952 qua'm
1223 902 1331 933 mox

42 954 184 1019 signis
206 955 392 1003 collatis
418 956 725 1003 dimicandum
754 956 817 1019 fit
837 991 850 1012 ‚
875 955 923 1002 in
945 955 1044 1002 dies
1078 951 1292 1018 exspec‘let
1310 989 1330 1012 ,

43 1022 297 1086 'dividendo
333 1023 572 1070 exercitum
605 1058 621 1082 ‚
656 1023 852 1070 minuere
891 1021 986 1069 tut&
1016 1022 1138 1070 vires
1168 1019 1330 1087 poffet.

48 1085 219 1155 Legati
256 1088 338 1139 ubi
379 1089 481 1139 haec
515 1089 769 1138 audierunt
797 1126 812 1149 ,
851 1089 1021 1138 flentes
1063 1087 1123 1137 ad
1170 1105 1329 1155 genua

0 1186 1 1219 3
49 1156 256 1205 consulis
289 1159 661 1223 provolvuntur.
694 1154 892 1217 Orant,
924 1160 1002 1206 Ne
1029 1156 1082 1221 fi
1116 1157 1165 1205 in
1196 1157 1329 1205 rebus

48 1239 144 1275 tam
177 1226 366 1291 trepidis
399 1225 587 1293 deserat.
624 1225 730 1292 Qu&
767 1225 884 1273 enim
908 1225 960 1289 se
983 1261 998 1285 ,
1029 1224 1235 1290 repulfhs
1265 1225 1325 1272 ab

49 1294 273 1342 Romanis
287 1331 302 1354 ‚
323 1293 466 1344 ituros
484 1293 511 1341 ?
532 1294 709 1343 Nullos
717 1292 769 1359 ft
789 1292 943 1358 sbcios
958 1330 972 1352 ,
992 1293 1112 1341 nihil
1133 1292 1325 1358 usquam

51 1361 101 1410 in
136 1362 267 1409 terris
299 1361 434 1410 aliud
456 1360 561 1428 spei
595 1361 771 1410 habere.
800 1359 1004 1426 Potutſje
1031 1362 1083 1425 se
1117 1376 1247 1408 extra
1278 1361 1332 1408 id

41 1428 296 1495 periculum
322 1427 403 1492 effi
419 1465 438 1487 ‚
451 1431 500 1494 fi
518 1430 726 1478 decedere
747 1430 877 1494 fide,
886 1430 936 1495 fi
956 1424 1195 1488 conjurare
1224 1445 1328 1476 cum

47 1497 203 1544 ceteris
236 1494 472 1560 voluzffent
491 1514 514 1556 ,·
545 1497 690 1547 nullis
721 1497 893 1556 minis,
928 1496 1074 1546 nullis
1099 1496 1329 1545 terriculis

36 1562 92 1631 se
123 1578 266 1613 motos
289 1583 314 1624 ·‚
335 1564 574 1630 sperantes
598 1565 722 1631 satis
750 1566 853 1632 opis
882 1563 937 1615 &
968 1563 1142 1613 auxilii
1158 1564 1250 1627 fibi
1278 1564 1329 1613 in

45 1633 268 1681 Romanis
297 1631 395 1696 effe.
424 1633 550 1698 Idfi
568 1634 744 1682 nullum
774 1635 837 1699 fit
858 1669 877 1691 ,
904 1634 948 1696 [ἰ-
967 1633 1058 1697 fibi
1086 1649 1116 1678 a
1145 1631 1328 1697 consule

45 1715 258 1765 negetur,
285 1700 394 1749 deos
419 1700 700 1767 hominesque
722 1701 772 1766 se
800 1700 923 1766 testes
933 1699 1092 1763 facere
1113 1699 1322 1768 2irzvitos

46 1766 94 1816 δ’
130 1771 304 1817 coaetos
331 1768 384 1833 se
412 1805 428 1830 ,
467 1787 522 1818 rte
565 1771 717 1817 eadem
741 1805 757 1829 ‚
791 1786 888 1835 quae
927 1768 1175 1835 Saguntini
1207 1765 1328 1834 paſji

34 1833 147 1900 fiant
168 1873 184 1896 ‚
207 1837 482 1902 patiantur,
511 1838 756 1902 defet‘luros
791 1855 806 1887 .·
838 1832 889 1885 ‘6³
916 1853 1017 1884 cum
1048 1837 1205 1885 ceteris
1230 1854 1327 1903 po-¹

46 1901 140 1952 titis
169 1904 398 1968 Hispanis
419 1943 434 1966 ,
465 1905 598 1970 qudm
619 1906 747 1971 solos
777 1905 1004 1970 perituros
1032 1901 1131 1968 effe.

111 1968 222 2018 XII.
245 1969 304 2020 Et
326 1973 410 2022 illo
441 1972 638 2038 quidem
663 1973 740 2022 die
767 1972 830 2022 fic
857 1971 955 2021 sine
983 1969 1214 2038 responso
1238 1970 1322 2020 di·-

43 2036 184 2087 miffi.
201 2037 462 2089 Consulem
484 2041 628 2090 noeie
645 2078 660 2099 .,
676 2059 782 2108 quae
802 2039 1011 2089 insecuta
1031 2038 1097 2090 est
1110 2076 1126 2100 ,
1143 2055 1323 2107 anceps

43 2121 153 2154 cura
186 2108 363 2172 agitare
388 2125 399 2156 z
425 2109 554 2158 nolle
590 2109 809 2159 deserere
851 2107 1039 2160 socios:
1061 2107 1193 2157 nolle
1215 2109 1321 2159 shi-

43 2189 190 2222 nuere
222 2176 518 2236 exercitum3
548 2178 681 2241 quod
712 2192 791 2226 ant
815 2194 1004 2226 moram
1034 2173 1120 2225 fibi
1151 2174 1213 2224 ad
1239 2171 1321 2223 ‘'di-

41 2241 317 2292 micandum
335 2281 350 2305 ‚
372 2259 451 2293 aut
476 2245 523 2293 in
552 2246 828 2295 dimicando
854 2243 1121 2312 periculum
1147 2241 1317 2293 afferre

104 2363 125 2404 3
151 2355 207 2395 Et
226 2385 239 2401 ,
268 2356 379 2411 ςιιὰηι
408 2372 498 2397 mox
522 2357 644 2413 signis
707 2360 961 2399 edicerentur.
980 2357 1032 2398 Et
1048 2357 1077 2396 l.
1096 2356 1138 2398 V
1154 2370 1215 2405 ,c-
1236 2366 1314 2406 45-

40 2415 201 2456 collatis
219 2418 473 2458 dimicandum
490 2419 543 2472 fit
562 2448 574 2464 ,
603 2419 644 2460 in
706 2419 858 2460 Intenti
875 2448 887 2468 ,
912 2419 1024 2474 qudm
1045 2432 1137 2459 mox
1163 2416 1313 2472 signum

41 2477 123 2516 dies
161 2475 406 2532 exspeffet.]
443 2480 508 2520 Sic
540 2491 644 2522 amat
707 2484 881 2523 daretur.
913 2480 1061 2522 Sensus
1093 2489 1221 2532 patet·
1260 2477 1314 2518 Et

43 2537 153 2590 loqui
174 2539 306 2580 Livius
327 2568 337 2586 ,
358 2541 386 2580 l.
410 2542 490 2589 111,
510 2556 547 2582 c,
569 2553 640 2595 37.
707 2543 909 2598 exspefffit
935 2543 974 2582 in
1002 2541 1085 2580 dies
1106 2538 1314 2580 instantem

43 2595 332 2652 Exffieffabant
354 2630 365 2645 ‚
405 2602 514 2654 qudm
551 2619 642 2644 mox
704 2603 785 2661 jam
809 2619 898 2647 cum
923 2603 968 2643 iis
996 2601 1315 2646 dimicationem.

38 2657 262 2716 conshlibus
284 2662 459 2704 creandis
485 2665 644 2704 comitia

925 2720 972 2770 K
994 2721 1043 2773 iv

128 204 218 259 XI.
242 207 297 258 In
325 208 553 275 Hispania
585 209 776 256 interim
808 207 973 256 consul
1006 206 1135 256 haud
1165 206 1536 277 proculU,c,557,

26 271 29 279 Χ
65 270 308 343 Emporiis
327 275 472 326 castra
498 275 725 325 habebat.
747 274 821 324 Εὸ
841 275 985 342 legati
1013 290 1108 324 tres
1132 276 1190 323 ab
1216 274 1535 329 Iler-aciem.

63 361 228 412 getum
257 346 425 412 regulo
456 341 679 410 Bilistage
710 381 727 404 ,
769 345 821 392 in
853 343 1025 409 quibus
1062 359 1185 391 unus
1213 334 1534 437 filiusssiiffiffi

1341 471 1365 496 a
1381 459 1535 500 Roma-

1342 523 1400 560 nis
1458 534 1534 575 pe-

1342 593 1449 626 tunt.
