1680 3052
359 127 472 201 336
640 125 907 183 Tt-TI
1010 126 1351 182 L1V11

150 208 412 274 [Lami-fia
448 222 587 273 capta
613 223 723 254 cum
755 205 896 274 signis
916 205 1200 254 militaribus
1232 206 1446 256 ducentis
1465 207 1633 276 trigins

151 275 432 332 ani-314³?
468 275 806 324 Romanorum
835 288 1031 323 centum
1069 274 1415 340 quinquaginta
1444 277 1491 322 in
1529 277 1631 343 ipso

351 345 616 393 certamine
662 360 875 410 pugnae,
924 340 983 391 ab
1021 340 1207 389 incursu
1255 339 1536 391 AEtolo'rum
1581 344 1638 395 se·

347 425 538 462 tuentes
563 430 663 460 non
686 413 793 477 plus
819 410 1166 477 quinquaginta
1187 409 1421 458 interfecti
1445 409 1566 459 sunt.

150 505 340 549 Cos-,Am
418 479 533 529 XX.
583 479 796 529 Consule
842 495 930 543 per
978 475 1241 525 Phocidem
1287 477 1339 525 ὃς
1387 477 1633 529 Bceotiam

148 538 318 610 ciojclmm
351 552 615 599 exercitum
650 548 858 596 ducente
892 583 907 606 ,
947 544 1148 594 consciae
1188 543 1471 595 defectionis
1508 549 1633 596 civi-

144 631 338 688 persequi·
349 631 471 667 tates
487 656 501 679 ‚
535 634 644 665 cum
666 615 951 664 velamentis
973 629 1083 662 ante
1102 628 1264 679 portas
1287 612 1471 662 stabant
1491 631 1507 673 ;
1526 631 1635 664 me-

117 706 120 707 ’
147 709 223 736 tur.
350 701 403 735 tu
427 703 486 735 ne
518 684 749 734 hostiliter
780 683 1134 748 diriperentur3
1166 683 1379 730 ceterum
1411 699 1498 747 per
1525 700 1635 731 om-

348 771 436 803 nes
465 755 565 802 dies
586 791 598 813 ,
625 752 751 800 haud
771 751 903 799 secus
929 749 1074 816 quam
1095 750 1142 797 in
1164 764 1337 815 pacato
1358 767 1475 817 agro
1494 787 1509 810 ‚
1532 749 1631 802 fine

346 823 621 871 violatione
654 821 792 868 ullius
832 819 938 878 rei,
973 834 1150 884 agmen
1181 816 1631 882 proceffit3'donec

343 892 393 939 in
426 908 592 958 agrum
630 887 921 937 Coroneum
955 901 1160 935 ventum
1184 885 1269 935 est.
1295 885 1368 934 Ibi
1386 885 1534 935 statua
1552 903 1634 936 re-

345 959 418 1025 gis
454 958 686 1007 Antiochi
719 955 874 1022 posita
898 955 947 1002 in
982 953 1171 1019 templo
1209 970 1229 1002 1
1259 953 1496 1004 Minervae
1528 954 1633 1005 Ito-

342 1030 435 1075 niae
469 1029 589 1074 iram
618 1024 840 1073 accendit
865 1041 876 1072 ε
904 1021 1278 1089 permissumque
1297 1023 1438 1071 militi
1463 1021 1529 1072 est
1546 1061 1559 1083 ,
1581 1037 1632 1074 ut

342 1093 704 1159 circumjectum
721 1092 910 1158 templo
941 1108 1106 1158 agrum
1126 1091 1468 1157 popularetur3
1497 1091 1634 1140 dein·-

345 1163 409 1211 de
446 1165 677 1229 cogitatio
725 1162 936 1209 animum
980 1159 1151 1219 subiit,
1191 1176 1339 1225 quum
1381 1161 1630 1209 communi

344 1231 544 1280 decreto
595 1231 881 1279 Boeotorum
932 1226 1083 1293 posita
1120 1225 1235 1276 esset
1278 1226 1458 1288 statua,
1499 1229 1638 1276 indi-

342 1317 493 1367 gnum
539 1298 632 1348 effe
669 1301 716 1346 in
761 1315 908 1345 unum
948 1294 1289 1345 Coronensem
1331 1314 1498 1363 agrum
1537 1296 1629 1344 sae-

340 1371 462 1416 vire.
503 1367 762 1415 Revocato
803 1365 1053 1430 extemplo
1105 1365 1291 1424 milite,
1328 1363 1434 1413 finis
1471 1383 1630 1431 popu-

341 1437 472 1484 landi
507 1435 655 1484 fabius
675 1453 685 1483 :
706 1432 914 1501 castigati
938 1434 1122 1481 tantum
1149 1434 1310 1481 verbis
1344 1432 1535 1493 Boeoti,
1558 1434 1624 1482 ob

340 1506 580 1571 ingratum
607 1507 653 1551 in
682 1505 826 1551 tantis
863 1516 1059 1566 tamque
1079 1502 1354 1549 recentibus
1379 1500 1628 1551 beneficiis

341 1576 556 1621 animum
607 1589 720 1638 erga
770 1569 1041 1618 Romanos.
1091 1567 1223 1618 Inter
1266 1569 1418 1635 ipsum
1450 1588 1626 1637 pugnae

341 1655 533 1706 tempus
559 1640 728 1688 decem
759 1655 907 1687 naves
938 1640 1079 1704 regiae
1102 1675 1116 1696 ,
1150 1655 1260 1685 curn
1294 1637 1519 1704 praefe&0
1545 1637 1627 1687 Ifi-

338 1710 499 1768 doro,
539 1709 600 1756 ad
634 1706 907 1755 Thronium
938 1708 984 1753 in
1022 1705 1119 1753 sinu
1158 1705 1373 1755 Maliaco
1408 1706 1591 1756 stabant
1607 1724 1630 1768 ;;

341 1777 404 1827 eb
444 1779 602 1843 gravis
637 1776 913 1824 vulneribus
949 1773 1225 1822 Alexander
1251 1774 1473 1822 Acarnan
1499 1794 1628 1834 nun-

339 1849 436 1893 cius
468 1843 675 1893 adversae
705 1861 875 1911 pugnae
899 1860 1047 1909 quum
1082 1841 1355 1908 perfugisset
1375 1880 1391 1901 ,
1419 1844 1623 1909 trepidae

338 1914 452 1962 inde
492 1915 673 1962 recenti
715 1928 899 1961 terrore
949 1927 1097 1958 naves
1150 1908 1384 1958 Cenaeum
1425 1910 1624 1961 Euboeae

337 1984 610 2047 petierunt;
646 1981 710 2028 ibi
746 1996 960 2028 mortuus
993 1978 1294 2044 sepultusque
1327 1973 1640 2030 Alexander(

335 2050 493 2108 Tre8‚
535 2067 640 2114 quae
673 2065 733 2096 ex
773 2047 885 2096 Asta
917 2045 1142 2111 profeclae
1178 2047 1402 2095 eumdem
1425 2063 1622 2114 portum
1648 2048 1666 2076 s

338 2132 594 2168 tenuerant
610 2155 622 2178 ‚
641 2134 790 2166 naves
808 2154 821 2176 ‚
837 2116 996 2165 audita
1015 2115 1254 2164 exercitus
1274 2116 1407 2165 clade
1430 2154 1444 2177 ,
1461 2116 1623 2183 Ephe·

405 2257 421 2286 1
448 2244 640 2283 Minervae
660 2241 844 2294 [tonica]
869 2241 945 2281 Mi-
1010 2241 1252 2296 cognomine
1276 2242 1458 2281 colendae
1480 2270 1492 2289 ,
1512 2252 1618 2282 tem·
1640 2239 1667 2286 ἶ,

337 2321 461 2349 nerva
482 2306 529 2345 stc
550 2304 830 2357 cognominata
860 2304 913 2342 est
933 2331 943 2350 ,
1009 2305 1146 2357 piique
1183 2305 1219 2342 ei
1246 2304 1349 2355 apud
1386 2294 1642 2357 Coroneam(

336 2361 406 2410 {rel
429 2370 475 2408 ab
502 2369 621 2406 Itono
643 2365 944 2419 Axnphistyonis
1011 2365 1252 2404 exstruendi.
1270 2366 1312 2404 ln
1326 2365 1404 2404 hoc
1422 2368 1615 2419 templum
1634 2363 1637 2366 ’

334 2431 418 2472 filio
441 2462 450 2480 ‚
476 2441 588 2483 patre
620 2428 786 2473 Boeoti,
815 2441 834 2465 a
865 2441 944 2479 quo
1010 2426 1141 2466 Boeoti
1173 2426 1222 2466 de
1251 2428 1370 2467 rebus
1399 2427 1617 2467 communi-

334 2493 492 2535 Boeotia
511 2503 658 2530 nornen
678 2488 859 2541 accepit:
876 2490 943 2527 vel
1008 2489 1079 2528 bus
1108 2488 1365 2528 deliberaturi
1393 2490 1614 2528 convenie-

339 2557 388 2595 ab
421 2555 519 2593 urbe
541 2549 754 2591 Thessaliae
788 2551 905 2589 itone
930 2563 940 2590 :
1008 2551 1116 2588 bant.
1139 2550 1275 2603 Atque
1296 2552 1347 2590 ob
1369 2565 1455 2590 eam
1474 2550 1617 2590 videli-

333 2617 442 2657 unde
455 2614 590 2655 Boeoti
606 2614 832 2665 exemplum
847 2611 944 2651 sum·
1008 2623 1073 2650 cet
1093 2612 1244 2650 causam
1264 2612 1315 2651 ibi
1334 2611 1454 2655 statua
1469 2612 1615 2654 Antio·-

272 2701 284 2711 ι
334 2678 499 2733 pserunt
527 2675 730 2717 Minervae
762 2673 830 2714 sub
862 2673 943 2732 hoc
1008 2674 1085 2714 cho
1113 2672 1234 2727 polita
1256 2685 1357 2718 erat.
1633 2686 1637 2690 ·
