1680 3052
283 129 644 187 LtssER
731 121 1053 181 XXXII.
1202 140 1303 198 131

39 202 231 272 'dbsted
255 209 562 259 abominatos
586 206 733 254 etiam
758 220 942 253 nomen
962 204 1158 269 tyranni
1177 204 1312 252 audi·
1325 215 1519 265 U-c.555.

37 281 108 328 vit
126 316 142 340 ‚
161 277 344 328 causam
369 277 416 325 se
434 273 668 342 spoliandi
701 289 788 322 eos
815 270 1006 319 nacium
1032 285 1159 319 ratus
1180 308 1193 329 ,
1215 286 1312 319 tra·
1326 273 1518 323 a.C.1‹)7.

36 346 151 396 dere
180 347 265 396 ubi·
286 346 436 395 vellet
463 343 632 392 urbem
655 340 923 390 Philoclem
954 336 1097 404 juffit.
1119 337 1274 387 Nocie
1297 358 1494 410 ›ArgiNa

37 415 210 481 ignaris
237 414 458 464 omnibus
478 449 493 471 ‚
513 424 739 475 acceptus
766 410 814 456 in
841 407 1010 456 urbem
1037 404 1106 455 est
1137 420 1307 471 tyran·
1321 404 1403 458 bid}
1429 434 1516 459 cra-

34 499 150 531 nus:
173 482 327 549 prima
355 481 462 528 luce
483 492 690 544 occupat
714 475 958 543 superiora
982 475 1146 524 omnia
1166 475 1276 522 loca
1297 482 1482 534 3duntur.

34 564 281 615 portaeque
319 547 499 596 clausae.
535 545 698 595 Paucis
740 544 1012 611 principum
1047 541 1307 591 tumultum

30 618 155 666 inter
182 618 390 683 primum
421 613 588 680 elapfis
615 651 630 675 ,
669 629 839 663 eorum
874 611 1142 661 absentium
1172 610 1308 660 dire-

31 698 128 751 ptae
159 684 366 734 fortunae
387 700 397 731 :
422 681 729 749 praesentibus
760 697 926 729 aurum
955 695 1100 746 atque
1131 695 1310 747 argen-

32 767 135 801 tum
163 752 376 802 ablatum
403 767 414 799 :
439 751 656 817 pecuniae
679 751 927 816 imperatae
950 749 1173 815 ingentes
1195 748 1308 814 :qui

32 837 133 869 non
170 818 443 869 cunclanter
477 817 726 868 contulere
746 855 763 877 ,
794 815 890 865 fine
921 817 1215 866 contumelia
1253 816 1307 864 &
1339 830 1512 873 Nabldlff

30 887 324 938 laceratione
355 903 617 952 corporum
642 884 747 934 sunt
778 881 948 933 dimiffi
977 902 987 933 :
1013 901 1134 950 quos
1159 894 1493 934 occu-avaritia

32 956 134 1005 lere
163 971 242 1005 aut
266 955 510 1006 retrahere
543 953 722 1020 aliquid
749 952 949 1019 suspicio
981 950 1070 1000 fuit
1092 988 1106 1011 ,
1136 954 1186 1000 in
1211 950 1358 1000 ser-G·
1378 959 1513 996 crude-

31 1023 180 1072 vilem
206 1023 408 1073 modum
434 1024 629 1072 lacerati
657 1035 800 1087 atque
829 1022 1023 1070 extorti.
1045 1018 1434 1070 Concionelitas·

30 1091 143 1141 inde
192 1090 435 1142 advocata
460 1127 474 1150 ,
515 1106 549 1151 4
592 1091 900 1156 rogationem
939 1090 1306 1156 promulgavit,

31 1176 178 1208 unam
207 1176 225 1225 5
257 1159 318 1210 de
345 1158 515 1207 tabulis
536 1158 676 1206 novis
695 1194 709 1217 ‚
730 1157 929 1206 alteram
958 1156 1017 1205 de
1045 1174 1161 1224 agro
1190 1158 1307 1206 viri-

32 1228 119 1276 tim
160 1227 468 1278 dividendo:
497 1225 612 1274 duas
646 1224 776 1274 faces
806 1225 1103 1274 novantibus
1136 1242 1210 1275 res
1245 1225 1308 1274 ad

36 1294 233 1362 plebem
259 1297 307 1343 in
341 1295 601 1360 optimates
634 1292 1014 1342 accendendam.
1355 1337 1365 1356 ⁸,

101 1361 343 1413 XXXIX.
365 1363 396 1412 6
419 1359 732 1427 Posteaquam
762 1363 810 1409 in
837 1358 1073 1427 potestate
1097 1360 1315 1428 Argivo-

37 1445 145 1477 rum
173 1431 340 1480 civitas
372 1443 473 1479 erat
491 1466 505 1489 ‚
531 1430 645 1478 nihil
674 1427 777 1494 ejus
808 1446 999 1478 memor
1036 1443 1269 1494 tyrannus
1295 1468 1311 1489 ,

34 1513 63 1558 a
87 1515 183 1564 quo
216 1514 325 1547 eam
357 1499 604 1548 civitatem
623 1535 638 1557 ‚
664 1498 716 1546 ὅ(
738 1515 881 1564 quam
902 1499 950 1545 in
972 1497 1309 1547 conditionem

35 1564 288 1632 accepisset
309 1603 323 1626 ,
361 1567 551 1633 legatos
579 1564 784 1614 Elatiam
815 1566 877 1614 ad
905 1565 1163 1630 Quintium
1189 1603 1204 1624 ,
1256 1567 1312 1615 ἅ

36 1631 257 1683 Attalum
289 1633 474 1702 AEginae
505 1633 841 1683 hibernantem
873 1635 1019 1682 mittit
1038 1671 1054 1691 ,
1076 1635 1156 1700 qui
1183 1652 1315 1682 nun-

35 1702 217 1751 ciarent
238 1739 252 1762 ‚
271 1704 425 1770 Argos
445 1703 492 1750 in
519 1704 732 1768 potestate
760 1702 849 1767 sua
881 1700 958 1765 effe
979 1720 991 1749 .·
1010 1702 1058 1749 ec>
1079 1704 1127 1767 fi
1141 1704 1316 1750 veniret

40 1771 262 1836 Quintius
285 1773 349 1818 ad
374 1771 646 1835 colloquium
666 1806 681 1829 ‚
714 1789 804 1818 non
831 1769 1028 1836 diffidere
1047 1771 1138 1833 fibi
1159 1772 1325 1819 omnia„

38 1855 137 1886 cum
176 1857 225 1886 eo
272 1854 564 1888 conventura.
602 1836 836 1902 Quintius
866 1875 880 1897 ‚
922 1851 973 1885 ut
1018 1853 1079 1886 eo
1113 1855 1310 1905 quoque

39 1904 256 1970 praefidio
281 1905 552 1973 Philippum
576 1906 813 1966 nudaret,
838 1923 984 1972 quum
1010 1904 1239 1954 annuisset
1267 1907 1311 1955 se

38 1987 296 2022 venturum
319 2012 333 2033 ,
357 1976 500 2023 mittit
527 1974 587 2021 ad
608 1973 825 2022 Attalum
844 2012 859 2035 ‚
887 1989 938 2021 ut
959 1973 1018 2021 ab
1037 1973 1208 2040 AEgina
1232 1973 1316 2023 Si-

40 2057 259 2106 cyonem
291 2041 375 2090 sibi
406 2057 681 2092 occurreret
705 2063 717 2093 :
744 2041 840 2109 ipse
866 2042 925 2090 ab
950 2040 1191 2108 Anticyra
1220 2042 1318 2092 de-

40 2117 148 2159 cem
179 2110 629 2176 quinqueremibus,
645 2128 762 2178 quas
785 2113 838 2159 iis
860 2109 986 2160 forte
1013 2108 1122 2177 ipsis
1147 2110 1317 2160 diebus

99 2247 127 2285 4
151 2233 426 2292 Rogationem.
444 2236 459 2287 ]
480 2236 564 2278 lmo
582 2252 624 2277 ro
635 2232 685 2271 f
704 2235 783 2292 jam
802 2237 893 2278 usus
915 2265 926 2285 ,
945 2237 1054 2278 nulla
1084 2235 1146 2276 vis
1180 2235 1279 2276 esset
1299 2262 1313 2283 ,

39 2297 216 2353 gationes
239 2310 252 2336 -.·
279 2311 399 2351 quum
427 2296 516 2339 duae
549 2313 644 2339 mox
706 2313 906 2353 novaeque
923 2300 1068 2339 tabulae
1085 2299 1134 2339 de
1153 2298 1316 2353 integro

42 2370 329 2398 memorentur.
707 2360 1023 2402 conficerentur.

107 2431 126 2469 5
149 2419 216 2458 De
234 2418 375 2459 tabulis
396 2420 520 2460 novis.
539 2424 554 2474 ]
575 2421 642 2461 De
769 2426 794 2463 6
818 2422 1072 2476 Posteaquam
1091 2421 1130 2461 in
1146 2418 1319 2475 potesta-

45 2480 248 2521 abolendo
267 2495 343 2520 aere
360 2483 488 2522 alieno
505 2512 515 2530 ‚
534 2483 586 2522 ita
602 2494 646 2523 ut
708 2486 789 2538 te.]
808 2483 1066 2538 Posteaquam
1089 2484 1128 2523 in
1147 2481 1315 2522 Nabidis

40 2552 225 2581 veterum
261 2543 481 2583 tabularum
510 2576 520 2594 ‚
564 2545 648 2598 qui·
709 2545 907 2599 potestate
952 2546 1093 2586 civitas
1136 2543 1322 2604 Argivo-

43 2602 116 2642 bus
147 2603 333 2655 pecunias
361 2618 379 2642 a
412 2604 450 2644 se
479 2606 649 2646 creditas
711 2621 797 2648 rum
830 2618 935 2651 erat,

43 2663 209 2719 quisque
228 2663 474 2720 confignatat
488 2694 500 2716 ,
519 2668 655 2709 nullus

934 2723 1049 2791 ij
