1680 3052
233 130 284 193 L
325 148 348 190 1
391 145 426 189 B
471 146 507 188 E
550 145 590 188 R
673 126 1052 188 XXXIII.
1183 129 1298 207 163·

22 205 154 282 jungi
173 233 279 264 cum
300 212 519 278 Philippo
539 223 843 276 paterentur,
873 211 922 258 ὅ(
941 208 1498 275 impedimentoU,c,555,·

27 282 118 334 effe
160 283 391 331 Romanis
423 277 729 329 liberantibus
771 276 1032 327 Graeciam.
1072 274 1496 331 Corace-a.C.197.

25 349 143 399 fium
163 368 222 400 eo
245 364 468 415 tempore
489 346 758 396 Antiochus
785 345 1013 411 operibus
1037 362 1300 411 oppugna-

25 418 123 467 bat.
154 418 374 484 Zephirio
395 453 408 476 ‚
438 417 489 464 &
526 414 649 464 Solis
668 452 683 474 ‚
724 414 777 462 &
814 411 1170 479 Aphrodisiade
1190 450 1204 472 ,
1246 414 1300 462 &

27 483 232 552 Coryco
253 523 266 543 ,
305 501 332 532 2
354 485 404 533 &
420 521 434 543 ‚
464 482 684 549 superato
702 480 974 548 Anemurio
989 518 1005 541 ,
1029 478 1302 547 (promon-

25 555 202 602 torium
229 554 275 600 id
310 569 505 617 quoque
539 549 723 599 Ciliciae
750 547 856 615 est)
885 549 1133 599 Selinunte
1163 566 1302 598 rece·

27 634 149 688 pto,
186 619 408 668 omnibus
445 619 514 666 his
549 617 740 685 aliisque
783 615 888 680 ejus
924 635 1023 667 orae
1063 614 1261 665 castellis
1279 629 1301 679 ‚¹

25 703 105 737 aut
139 704 270 736 metu
293 726 308 744 ,
349 703 427 735 aut
464 687 746 745 voluntate,
781 683 880 734 fine
917 687 1179 735 certamine
1200 723 1213 745 ‚
1247 686 1299 734 in

25 755 323 805 deditionem
358 756 595 820 acceptis,
620 752 930 803 Coracesium
962 767 1136 819 praeter
1164 752 1300 818 spem

26 822 186 872 clausis
225 824 374 890 portis
412 824 609 871 tenebat
646 839 775 872 eum.
798 820 872 870 Ibi
897 821 1042 888 legati
1068 819 1302 876 Rhodio-

26 909 127 940 rum
151 892 294 940 auditi
324 908 335 938 ε
362 892 413 939 &
446 909 716 956 quanquam
739 907 794 938 ea
816 890 994 955 legatio
1026 904 1127 938 erat
1150 927 1162 948 ‚
1190 906 1299 956 quae

26 960 289 1008 accendere
321 961 503 1026 regium
534 961 745 1007 animum
775 957 927 1023 pollet
948 996 962 1018 ‚
1002 960 1298 1022 temperavit

26 1027 131 1086 irae,
165 1029 215 1076 ὃ(
255 1029 425 1094 legatos
447 1029 498 1091 se
531 1029 740 1075 Rhodum
763 1025 987 1090 miffurum
1020 1024 1298 1091 respondit,

27 1094 161 1160 ilsslue
187 1101 502 1143 mandaturum
521 1134 534 1152 ,
562 1111 611 1143 ut
636 1109 903 1143 renovarent
921 1096 1089 1159 vetusta
1114 1109 1134 1159 3
1151 1092 1263 1158 jura
1278 1132 1298 1153 ,

28 1179 124 1211 cum
163 1183 216 1212 ea
254 1165 478 1221 civitate,
513 1163 605 1228 sua
642 1161 948 1228 majorumque
985 1162 1214 1228 suorum.;
1251 1163 1298 1212 δ’

28 1247 227 1280 vetarent
264 1250 336 1280 eos
386 1234 628 1279 adventum
657 1230 960 1297 pertimescere
997 1231 1144 1298 regis,
1177 1231 1299 1279 nihil

28 1299 98 1347 his
127 1316 208 1348 aut
231 1301 374 1364 sociis
408 1318 554 1348 eorum
595 1300 725 1348 nox'ae
748 1299 958 1365 finarum
988 1297 1208 1360 fraudive
1230 1315 1295 1362 :4

27 1385 131 1416 nam
160 1371 461 1418 Romanorum
482 1369 727 1418 amicitiam
738 1368 789 1433 se
812 1387 902 1418 non
922 1368 1200 1418 violaturum
1217 1387 1302 1416 ar-

26 1452 226 1503 gumento
249 1438 292 1484 ὃ·
312 1438 443 1502 dferam
474 1453 682 1485 recentem
715 1439 779 1484 ad
799 1457 873 1486 eos
903 1437 1170 1505 legationem
1189 1434 1302 1500 effi,

25 1505 73 1553 6·
95 1505 283 1568 senatrix
317 1506 564 1565 honorifica
600 1507 648 1553 in
674 1505 725 1570 se
768 1508 944 1554 decreta
990 1504 1306 1573 responsaque.

30 1586 53 1638 ς
77 1570 205 1620 Tum
227 1573 351 1622 forte
371 1573 512 1639 legati
536 1574 777 1622 redierunt
796 1575 855 1623 ab
879 1573 1040 1623 Roma
1057 1611 1071 1633 ‚
1091 1575 1303 1623 comiter

26 1640 172 1689 auditi
191 1639 455 1706 dimiffique
479 1679 490 1700 ‚
521 1656 573 1690 ut
594 1659 784 1708 tempus
815 1641 1084 1709 postulabat
1103 1643 1303 1703 3*incer-

26 1721 77 1757 to
95 1709 248 1758 adhuc
266 1710 493 1758 adversus
504 1709 776 1776 Philippum
796 1725 973 1760 eventu
988 1709 1117 1760 belli.
1130 1709 1302 1776 Quum

26 1775 126 1826 haec
160 1777 301 1845 legati
334 1780 456 1846 regis
490 1782 536 1826 in
574 1782 811 1828 concione
843 1778 1150 1829 Rhodiorum
1185 1796 1302 1846 age-

26 1859 131 1893 rent
151 1882 168 1903 ,
197 1847 395 1895 nuncius
425 1848 591 1905 venit,
630 1847 924 1897 debellatum
955 1847 1015 1896 ad
1038 1845 1302 1913 Cynosce-

26 1911 188 1978 phalas
221 1913 330 1963 effe.
366 1914 479 1963 Hoc
511 1918 687 1964 nuncio
719 1933 925 1982 accepto
948 1955 963 1976 ‚
998 1916 1028 1966 6
1053 1915 1296 1975 Rhodiis,

26 1979 228 2048 dempto
253 1996 384 2031 metu
416 2001 443 2032 a
471 1981 694 2050 Philippo
728 1987 897 2046 omni,
925 1999 1026 2035 erat
1048 1982 1298 2034 confilium

87 2130 114 2160 2
143 2118 227 2165 Et,
250 2115 437 2175 superato
457 2120 629 2161 Anemu-
693 2121 772 2163 effe
802 2151 814 2170 ,
847 2123 886 2164 se
925 2137 1006 2164 non
1052 2121 1300 2163 violaturum

27 2178 141 2222 rio...
178 2180 385 2222 Selinunte
417 2184 626 2237 recepto.]
692 2185 966 2226 Romanorum
992 2185 1223 2226 amicitiam.

27 2240 162 2294 Quum
193 2243 383 2297 superato
410 2243 630 2286 Anemurio
760 2259 776 2300 ς
803 2245 1017 2300 Tumforte‘:
1033 2245 1156 2302 legati
1171 2244 1299 2288 redie-

27 2306 309 2356 promontorio
377 2305 631 2347 Selinuntem
693 2309 827 2361 runt.]
854 2309 963 2363 Lege
991 2309 1206 2348 redierant.

27 2365 250 2419 recepisset.
753 2370 779 2410 6
812 2370 1027 2412 Rhodiis...
1061 2381 1146 2409 erat
1170 2366 1302 2420 confi·

93 2436 113 2478 3
143 2425 296 2484 Jura.]
321 2429 629 2472 Neceffitudinis
691 2431 800 2472 lium.
834 2431 850 2484 ]
894 2432 973 2471 Sed
1014 2432 1094 2470 hoc
1141 2429 1301 2482 quidem

32 2486 76 2529 &
98 2489 295 2530 amicitiae.
694 2492 896 2533 confilium
916 2491 1058 2532 effeflu
1079 2491 1223 2531 caruit.
1243 2488 1302 2528 Il·

91 2562 119 2598 4
172 2550 275 2589 Nam
312 2551 628 2609 Romanorum]
694 2555 771 2594 lam
790 2555 953 2594 alteram
971 2568 1098 2591 curam
1114 2567 1191 2590 non
1205 2552 1302 2590 omi-

29 2609 148 2650 Suam
186 2612 425 2666 legationem
466 2615 506 2655 δι
551 2619 630 2655 res·
686 2615 854 2670 serunt,
893 2628 1039 2669 nempe
1068 2613 1216 2655 tuendae
1249 2611 1306 2652 li·

0 2656 152 2728 §ponsa
197 2672 353 2716 senatus
391 2687 628 2731 argumento
693 2677 910 2720 bematis...

0 2777 15 2881 gl

13 2853 15 2908 l

0 2925 17 3052 l
