1680 3052
208 94 256 154 L
299 111 322 152 1
365 109 401 153 B
447 109 483 152 E
523 108 566 152 R
647 91 1098 152 XXXVIII.
1206 105 1313 175 595

42 177 209 227 ciatur.
248 179 359 225 Non
392 178 444 225 id
476 175 695 225 Corneliae
732 176 874 239 magis
897 172 1099 235 flzmiliae
1131 211 1146 235 ,
1181 180 1314 241 qua'm
1330 189 1525 240 U‚c,565;

42 247 144 294 urbi
181 247 398 293 Romame
417 240 520 309 fbre
555 242 910 302 erubescendum.
1329 245 1524 297 a.C.1S‘7.

112 310 218 359 LX.
247 312 497 361 Adversus
527 327 584 359 ea
604 308 862 358 Terentius
894 322 1071 373 praetor
1095 312 1320 376 rogatio-

43 393 161 428 nem
194 378 465 439 Petilliam,
499 378 553 427 &
587 374 1039 426 senatusconsultum
1062 413 1076 435 ‚
1106 377 1152 425 8(
1193 377 1322 439 judi-

45 447 175 495 cium
210 447 269 496 de
305 445 358 495 L.
394 445 622 510 Scipione
655 444 830 492 fafium
863 444 1082 492 recitavit
1111 460 1122 490 τ
1156 443 1202 492 se
1228 481 1244 501 ‚
1271 447 1323 494 ni

45 513 279 564 referatur
317 516 518 579 pecunia
552 515 600 561 in
635 512 882 577 publicum
915 547 931 570 ‚
967 529 1071 577 quae
1110 509 1323 575 judicata

47 580 141 640 fit,
164 582 286 630 nihil
320 583 498 631 habere
522 580 656 646 quod
687 578 828 628 faciat
850 616 863 639 ‚
893 577 977 626 nisi
1009 592 1060 627 ut
1093 577 1328 644 prehendi

46 649 327 698 damnatum
347 686 362 710 ‚
389 651 442 699 &
477 650 527 698 in
562 648 754 699 vincula
777 647 888 696 duci
918 644 1097 710 jubeat.
1117 644 1325 695 Tribuni

46 733 196 781 quum
233 719 282 765 in
319 716 567 766 consilium
598 713 914 774 secessissent,
947 713 1093 779 paulo
1131 712 1237 780 post
1261 711 1325 763 C.

45 783 252 834 Fannius
278 801 338 834 ex
364 784 443 835 sua
473 784 865 850 collegarumque
890 781 1090 830 aliorum
1110 818 1124 840 ,
1150 795 1326 846 praeter

47 850 327 901 Gracchum
353 890 367 913 ,
411 852 643 902 sententia
690 849 1029 917 pronunciavit
1064 886 1080 907 ,
1130 850 1324 913 praetori

47 937 149 968 non
185 921 482 970 intercedere
528 919 746 968 tribunos
769 956 783 979 ,
819 918 1072 983 quominus
1107 916 1185 965 sua
1221 936 1322 983 po-

46 985 217 1037 testate
252 1003 423 1038 utatur.
441 987 520 1036 Ti.
551 984 799 1036 Gracchus
833 988 896 1034 ita
927 985 1172 1033 decrevit:
1196 990 1319 1052 Qun·
1395 990 1525 1032 Graca

47 1057 199 1103 minus
228 1074 284 1102 ex
322 1058 452 1105 bonis
478 1058 533 1105 L.
564 1055 797 1120 Scipionis
830 1055 952 1118 quod
980 1051 1236 1116 judicatum
1257 1055 1524 1117 sttclmsmit·

47 1124 312 1190 redigatur,
334 1124 384 1190 se
414 1143 503 1172 non
536 1124 802 1171 intercedere
826 1122 1025 1186 praetori.
1053 1123 1109 1170 L.
1133 1116 1364 1187 Scipio-{i
1433 1129 1527 1164 ss‘ffl

44 1208 144 1239 nem
179 1189 297 1256 (qui
333 1210 473 1257 regem
514 1189 881 1256 opulentiſjimztm
918 1189 1057 1238 Orbis
1101 1177 1454 1238 terrarumll‘b⁶²·

46 1259 261 1306 devicerit
281 1277 301 1317 ,·
339 1260 572 1325 imperium
603 1259 769 1325 populi
800 1258 998 1306 Romani
1032 1274 1324 1324 propagave-

48 1327 109 1374 rit
141 1327 188 1373 in
222 1328 406 1375 ultimos
428 1343 641 1375 terrarum
667 1327 785 1390 fines
805 1343 830 1381 ;
862 1341 999 1390 regem
1030 1325 1278 1373 Eumenem
1303 1363 1323 1384 ,

48 1393 255 1442 Rhodios
274 1431 293 1452 ,
313 1395 437 1442 alias
465 1410 529 1443 tot
561 1394 690 1442 urbes
718 1394 842 1456 Afiae
878 1393 1134 1441 devinxerit
1158 1395 1324 1459 populi

48 1463 251 1509 Romani
291 1462 516 1523 beneficiis
549 1479 568 1520 ;
600 1461 822 1526 plurimos
866 1461 1001 1507 duces
1040 1460 1221 1526 hostium
1273 1463 1326 1511 in

48 1530 273 1594 triumpho
307 1532 457 1577 dubios
487 1546 660 1576 carcere
697 1527 924 1591 incluserit
941 1544 963 1585 ,·
991 1525 1014 1593 )
1051 1546 1140 1576 non
1164 1526 1326 1594 paffit-

49 1614 146 1644 rum
181 1599 297 1644 inter
331 1598 467 1662 hostes
502 1596 666 1662 populi
698 1597 897 1645 Romani
927 1596 974 1643 in
1011 1612 1183 1643 carcere
1208 1597 1250 1645 ἐξ·
1275 1598 1325 1646 in

47 1665 249 1715 vinculis
282 1662 362 1726 effe
385 1702 400 1723 ‚
430 1665 630 1729 mittique
665 1681 761 1711 eum
783 1663 836 1727 se
854 1660 1028 1726 jubere.
1049 1661 1213 1712 Tanto
1248 1663 1326 1713 as-

47 1730 182 1780 sensu
232 1732 446 1780 auditum
487 1731 553 1780 est
594 1731 842 1779 decretum
871 1768 886 1790 ‚
929 1730 1052 1779 adeo
1088 1730 1324 1780 dimissum

48 1796 108 1847 L.
143 1797 422 1864 Scipionem
457 1799 549 1846 laeti
587 1799 806 1858 homines
844 1798 1067 1846 viderunt
1098 1835 1114 1855 ,
1151 1812 1203 1847 ut
1243 1802 1324 1848 vix

50 1867 309 1927 insseadem
347 1867 543 1914 civitate
588 1865 830 1913 videretur
866 1864 1039 1913 fa&um
1081 1863 1331 1929 judicium.

53 1932 83 1983 8
118 1931 176 1980 In
214 1933 343 1982 bona
382 1933 558 1982 deinde
588 1931 643 1980 L.
675 1932 912 1996 Scipionis
944 1931 1195 1997 poffeffum
1234 1953 1330 1999 pu-

49 2001 176 2050 blice
209 1999 463 2066 quaestores
495 2015 669 2065 praetor
698 1998 850 2059 mifit3
872 2016 1030 2065 neque
1066 2001 1112 2047 in
1138 2002 1191 2048 iis
1227 2020 1329 2051 non

52 2069 208 2118 modo
239 2067 490 2134 vestigium
518 2068 667 2115 ullum
700 2069 968 2132 comparuit
1003 2069 1218 2130 pecuniae
1251 2087 1331 2118 re-

53 2139 141 2204 giae
167 2173 182 2194 ,
223 2135 304 2184 sed
346 2152 650 2201 nequaquam
700 2148 886 2182 tantum
937 2134 1178 2183 redaffiim
1223 2136 1331 2198 est,

55 2217 243 2270 quantae
283 2203 479 2252 summae
519 2204 768 2251 damnatus
811 2201 978 2251 fuerat.
1002 2200 1193 2253 Collata
1233 2221 1332 2269 pe-

57 2275 196 2320 cunia
228 2289 254 2319 a
285 2274 502 2338 cognatis
528 2270 782 2337 amicisque
813 2270 865 2319 &
897 2270 1147 2319 clientibus
1174 2270 1240 2319 est
1270 2271 1333 2322 L.

53 2339 310 2407 Scipioni3
341 2355 392 2388 ut
423 2377 440 2401 ‚
480 2339 514 2389 si
557 2340 793 2405 acciperet
839 2354 946 2387 eam
976 2376 991 2398 ‚
1035 2339 1334 2405 locupletior

119 2493 145 2533 8
173 2491 223 2532 In
259 2492 667 2549 hona.]Juffitprae-
706 2494 892 2535 nomine
964 2494 1102 2549 populi
1163 2491 1336 2538 Romani

57 2564 125 2595 tor
158 2554 372 2607 quaestores
408 2556 447 2594 in
479 2556 582 2595 bona
617 2555 665 2596 L.
734 2568 949 2599 exerceres

58 2615 259 2670 Scipionis
313 2614 378 2672 jus
423 2615 668 2673 possessionis
