1680 3052
292 130 338 189 L
381 143 404 185 1
447 143 482 184 B
531 141 568 185 E
611 143 653 184 R
735 125 1098 185 XXXIV.
1229 146 1344 207 227

65 206 176 259 telis
208 209 433 278 fatigatos
472 206 630 256 adorti
668 205 830 255 hostes
866 208 1078 273 primurn
1116 209 1213 256 acri
1250 212 1340 259 irn-
1355 233 1544 285 U·c·55·7-

69 293 184 343 petu
202 280 335 328 velut
357 293 514 326 cuneo
541 276 849 341 perculerunt
869 292 879 322 ε
901 274 1077 324 deinde
1099 274 1344 341 diffipatos
1358 287 1544 342 a.C.1<)5.

67 346 118 392 in
141 344 302 414 fugam
325 358 632 394 averterunt:
656 340 901 408 effusoque
936 359 1024 407 per
1057 359 1199 408 agros
1229 363 1345 394 cur-

47 410 133 472 ¹su,
178 413 324 462 castra
354 413 713 477 repetebantur.
735 410 835 458 Ubi
867 412 1031 458 omnia
1057 409 1171 476 fuga
1199 428 1344 461 com-

70 481 204 547 pleta
227 482 346 530 vidit
373 478 501 529 Cato
521 477 644 544 ,ipse
680 478 739 526 ad
769 477 1029 527 secundam
1058 478 1304 546 legionem
1323 517 1342 540 ‚

104 565 173 596 uae
200 551 248 597 in
268 547 471 599 subsidio
495 546 649 612 posita
673 559 773 595 erat
789 584 804 607 ‚
825 562 956 613 equo
984 548 1229 596 revehitur
1250 565 1260 595 :
1284 547 1341 597 &

65 565 193 682 Hgna
230 635 326 682 prae
361 614 406 664 se
441 614 586 674 ferri,
627 616 874 681 plenoque
911 614 1062 681 gradu
1098 615 1160 663 ad
1192 613 1342 664 castra

65 682 269 733 hostium
304 682 630 749 oppugnanda
664 681 920 731 succedere
959 681 1132 748 jubet3
1167 681 1202 731 fi
1234 684 1341 750 quis

64 766 196 800 extra
223 752 443 801 ordinem
469 750 654 798 avidius
684 752 922 816 procurrit
940 787 954 810 ‚
976 751 1027 799 δι
1057 749 1156 816 ipse
1187 753 1343 800 inter-

62 821 280 886 equitans
316 835 346 885 9
377 819 515 885 sparo
555 819 791 884 percutit,
825 817 877 867 ὅ(
911 818 1132 867 tribunos
1167 833 1342 868 centu-

63 886 316 955 rionesque
355 884 579 954 castigare
619 883 774 950 jubet.
801 885 911 936 Jam
949 885 1097 935 castra
1131 885 1340 936 hostium

66 955 500 1023 oppugnabantur:
524 953 736 1020 saxisque
755 991 770 1014 ‚
789 953 841 1003 &
867 953 1058 1004 sudibus
1078 992 1094 1016 ,
1121 954 1172 1004 ὃ(
1204 957 1342 1004 omni

67 1040 247 1090 genere
283 1024 491 1073 telorum
533 1021 963 1071 summovebantur
994 1040 1021 1071 a
1057 1022 1189 1073 vallo
1228 1022 1343 1073 Ro·

69 1094 216 1141 mani.
232 1091 335 1141 Ubi
361 1107 528 1140 recens
549 1090 745 1139 admota
769 1091 897 1158 legio
925 1088 992 1139 est
1010 1127 1025 1150 ,
1047 1105 1151 1139 tum
1172 1091 1225 1140 &
1245 1110 1341 1159 op·-

64 1160 385 1227 pugnantibus
413 1161 597 1208 animus
625 1161 777 1207 crevit
796 1195 813 1219 ‚
837 1160 888 1207 &
920 1157 1148 1209 infensius
1179 1159 1341 1210 hostes

66 1245 157 1294 pro
184 1229 314 1277 vallo
338 1228 632 1295 pugnabant.
654 1224 836 1275 Consul
861 1228 1026 1275 omnia
1050 1227 1201 1276 oculis
1221 1244 1343 1294 per-

69 1293 228 1344 lustrat
246 1334 260 1356 ‚
283 1310 334 1344 ut
358 1333 374 1356 ,
405 1296 499 1361 qua
528 1294 726 1364 minima
748 1296 802 1364 vi
828 1292 1049 1343 resistitur
1073 1333 1088 1354 ‚
1116 1295 1176 1344 ea
1204 1312 1342 1361 parte

68 1364 344 1430 irrumpat;
393 1363 454 1410 ad
498 1361 964 1428 finistram‘portam
1010 1362 1343 1430 infrequentes

69 1431 206 1480 videt
240 1449 252 1479 :
287 1433 349 1479 eb
382 1429 600 1479 secundae
646 1432 852 1497 legionis
889 1429 1132 1498 Principes
1166 1430 1343 1482 Hasta-

70 1497 238 1564 tosque
277 1499 476 1547 inducit.
499 1497 615 1547 Non
654 1496 865 1547 sustinuit
902 1501 1141 1565 impeturn
1169 1516 1345 1551 eorum

69 1565 206 1615 statio
235 1604 250 1627 ,
289 1585 394 1632 quae
435 1582 586 1632 portae
631 1565 855 1632 opposita
889 1581 990 1616 erat
1019 1590 1033 1619 :
1068 1567 1122 1617 &
1157 1571 1343 1630 ceteri,

67 1633 379 1702 posteaquam
415 1637 538 1683 intra
570 1634 754 1683 vallum
793 1632 955 1684 hostes
988 1635 1191 1696 vident,
1231 1636 1343 1703 ipsis

69 1702 223 1751 castris
252 1705 383 1752 exuti
403 1741 416 1763 ‚
436 1702 563 1769 signa
597 1720 824 1769 armaque
852 1701 1118 1767 abjiciunt3
1149 1705 1346 1753 caedun-

68 1773 208 1819 turin
228 1773 378 1837 portis
400 1771 677 1836 suometipsi
705 1771 899 1838 agmine
918 1774 967 1819 in
996 1770 1125 1822 arcio
1149 1773 1346 1822 haeren-

69 1853 142 1888 tes
171 1857 186 1899 3
220 1839 476 1889 secundani
510 1855 645 1905 terga
678 1838 887 1889 hostium
924 1840 1114 1889 caedunt
1141 1878 1159 1903 ,
1194 1845 1344 1891 ceteri

70 1905 216 1955 castra
244 1907 726 1973 diripiunt.Valerius
758 1909 931 1956 Antias
962 1906 1100 1974 supra
1135 1909 1346 1975 quadra-

69 1977 199 2041 ginta
231 1977 377 2024 millia
412 1974 619 2024 hostium
655 1975 770 2025 caesa
798 1993 860 2025 eo
895 1976 972 2025 die
1006 1976 1183 2026 scribit.
1209 1975 1345 2027 Cato

72 2042 169 2108 ipse
194 2080 209 2102 ‚
237 2045 364 2092 haud
406 2044 512 2092 sane
553 2044 843 2094 detrectator
882 2043 1078 2093 laudum
1116 2044 1344 2110 suarum,

70 2111 249 2162 multos
283 2111 429 2161 caesos
464 2114 526 2161 ait
551 2129 565 2173 ;
589 2129 847 2162 numerum
883 2130 983 2161 non
1018 2111 1262 2164 adscribit.

137 2178 279 2228 XVI.
305 2179 422 2228 Tria
457 2198 517 2229 eo
549 2181 624 2230 die
650 2181 908 2230 laudabilia
934 2178 1096 2230 feciffe
1119 2196 1312 2249 putatur
1334 2200 1350 2239 ;

68 2264 254 2308 unum,
295 2248 429 2313 quod
473 2250 795 2300 circumduGlo
852 2251 1069 2299 exercitu
1107 2288 1122 2309 ‚
1172 2252 1347 2316 procul.

70 2317 275 2365 navibus
301 2316 392 2365 suis
414 2315 658 2385 castrisque
679 2356 694 2380 ‚
726 2336 746 2367 1
778 2318 861 2366 ubi
889 2317 1023 2385 spem
1053 2317 1139 2367 nisi
1171 2322 1220 2368 in
1244 2319 1351 2369 vir-

132 2430 160 2471 9
193 2420 374 2477 Sparo.b]
408 2422 556 2478 Sparus
590 2431 678 2462 erat
741 2436 874 2462 manus
906 2434 1033 2463 armat
1060 2419 1216 2477 sparus.

74 2481 227 2536 agreste
258 2484 379 2523 telum
402 2513 412 2532 ,
447 2486 488 2524 in
517 2484 678 2524 modum
808 2497 824 2525 1
852 2482 1050 2540 Ubispem
1068 2483 1190 2536 nifiin
1208 2486 1353 2522 virtute

73 2542 168 2597 pedi
191 2557 420 2585 recurvum.
440 2545 535 2597 Ejus
565 2560 680 2585 men·
741 2544 972 2599 haberem]
1002 2546 1085 2586 Vel
1104 2543 1253 2584 excidit
1272 2544 1353 2584 hoc

75 2603 228 2644 tionem
245 2605 340 2645 facit
355 2607 549 2662 Virgilius
564 2635 574 2653 ‚
591 2607 651 2647 Xl
665 2635 677 2655 ,
741 2609 838 2648 loco
858 2608 1038 2663 negatiO,
1053 2605 1352 2661 legendumque

74 2663 174 2710 AEn.
213 2681 253 2711 v·
297 2667 402 2713 682.
435 2668 681 2728 Agrestisque
745 2667 1355 2778 nonhaberrizmvelsupplenda

1034 2745 1089 2796 V)
