1680 3052
360 123 472 187 118
637 124 694 186 T
735 143 759 185 1
801 144 843 186 τ
884 143 908 184 1
1004 126 1052 185 L
1098 141 1122 184 1
1164 141 1212 184 v
1254 139 1279 182 1
1319 139 1346 182 1

141 202 332 275 [Le-555·
341 226 404 275 pe
436 211 487 258 in
520 207 708 259 hiberna
730 208 973 277 profhblum
992 246 1010 268 ,
1048 212 1116 259 ita
1139 224 1404 276 comparare
1427 205 1522 256 dici
1540 204 1647 262 bet-,³-

136 265 440 326 a·s⁴·¹97·lum
455 315 471 337 ‚
497 293 549 327 ut
562 315 580 337 ,
604 279 693 344 nzfi
704 277 1194 343 sicccefforimpediat,
1213 274 1491 342 perfeffurus
1511 277 1636 338 cesla·

343 361 386 394 te
416 348 633 412 proximi
666 349 893 396 videatur.
941 345 1031 394 His
1073 344 1377 394 orationibus
1412 346 1637 410 pervice-

342 428 455 462 runt
470 451 486 476 ‚
521 430 572 464 ut
593 414 814 464 consules
840 415 889 462 in
910 412 1096 462 senatus
1129 412 1412 461 auGloritate
1433 411 1541 461 fore
1560 412 1636 461 di-

346 497 516 532 cerent
549 482 596 531 se
616 519 632 541 ‚
664 481 699 530 si
726 482 858 531 idem
883 483 1060 530 tribuni
1085 480 1322 531 facerent.
1342 479 1635 547 Permitten-

342 550 473 600 tibus
519 553 727 617 utrisque
769 551 971 600 liberam
1004 550 1438 609 consultationem,
1468 547 1634 599 Patres

342 618 616 668 consulibus
644 618 880 668 ambobus
906 618 1094 668 Italiam
1127 618 1432 685 provinciam
1461 617 1635 668 decre-

162 699 519 763 Quintfoverunt
553 704 564 736 ε
599 685 665 737 Τ.
714 687 924 753 Quintio
974 702 1297 754 prorogarunt
1332 687 1636 752 imperium,·

136 755 507 823 proroga-donec
539 754 774 806 succeffor
788 759 833 806 ei
858 755 1078 806 venisset.
1103 754 1395 805 Consulibus
1419 755 1544 804 binae
1563 756 1637 811 leq

141 839 222 867 cum
263 827 515 892 im-giones
543 824 751 874 decretae
784 842 795 872 ε
830 826 884 874 &
913 840 966 875 ut
993 825 1176 875 bellum
1204 841 1314 873 cum
1338 822 1495 873 Gallis
1517 821 1634 879 Cis-,

131 890 288 944 perium
342 895 555 960 alpinis,
596 895 678 960 qui
713 891 994 943 defecissent
1038 913 1065 943 a
1110 893 1299 959 populo
1342 890 1576 942 Romano
1612 904 1633 954 ,‘

341 978 587 1030 gererent.
614 962 822 1028 Quintio
852 964 900 1011 in
936 961 1283 1012 Macedoniam
1314 960 1632 1028 supplemen-

336 1047 443 1080 tum
464 1031 716 1080 decretum
735 1069 750 1092 ‚
781 1031 1003 1097 peditum
1019 1033 1232 1098 quinque
1254 1031 1400 1078 millia
1416 1068 1431 1090 ,
1464 1031 1515 1080 ὃ(
1537 1047 1634 1079 tre-

340 1101 471 1149 centi
507 1100 693 1166 equites
711 1138 727 1162 ‚
755 1100 809 1149 &
827 1099 1065 1149 sociorum
1088 1100 1437 1147 navaliumvtria
1462 1099 1631 1148 millia.

334 1166 535 1218 Praeesse
564 1169 695 1218 idem
716 1170 797 1236 qui
816 1184 1019 1235 praeerat
1037 1166 1163 1217 claffi
1185 1168 1240 1217 L.
1258 1168 1490 1233 Quintius
1515 1167 1631 1216 Fla-

333 1239 545 1286 mininus
579 1235 739 1303 juffus,
760 1236 1051 1287 Praetoribus
1082 1238 1131 1285 in
1164 1236 1419 1302 Hispanias
1449 1234 1630 1287 oclona

332 1307 483 1355 millia
509 1307 729 1372 peditum
759 1305 941 1356 socium
975 1325 1028 1355 ac
1060 1304 1216 1353 Latini
1250 1305 1460 1353 nominis
1487 1305 1627 1367 data,

331 1375 386 1424 &
427 1392 444 1424 1
482 1376 823 1443 quadringenti
856 1377 1047 1441 equites
1072 1413 1087 1436 ,
1114 1389 1166 1424 ut
1205 1374 1504 1422 dimitterent
1534 1390 1628 1423 ve-

329 1456 490 1494 terem
509 1461 569 1494 ex
590 1444 833 1511 Hispaniis
856 1445 1057 1494 militem
1081 1461 1091 1491 ι
1120 1443 1173 1492 &
1202 1444 1460 1491 terminare
1487 1440 1627 1507 juffi,

333 1529 362 1561 2
395 1513 490 1578 qua
530 1512 731 1562 ulterior
761 1514 1023 1562 citeriorve
1055 1512 1310 1577 provincia
1339 1510 1627 1561 servaretur.

328 1580 643 1630 Macedoniae
677 1582 864 1649 legatos
895 1580 948 1630 P.
982 1581 1248 1647 Sulpicium
1272 1618 1287 1640 ‚
1328 1580 1380 1628 &
1420 1578 1475 1628 P.
1504 1578 1628 1627 Vil-

327 1651 446 1727 lium
468 1688 483 1711 ,
514 1654 596 1717 qui
618 1651 835 1700 consules
855 1652 904 1699 in
929 1667 986 1699 ea
1005 1650 1258 1718 provincia
1287 1647 1477 1699 fuerant
1493 1686 1509 1710 ‚
1533 1647 1626 1697 ad-

326 1736 568 1785 jecerunt.

398 1787 589 1837 XXIX.
641 1787 918 1854 Priusquam
960 1787 1179 1837 consules
1214 1784 1625 1853 praetoresque-in

125 1870 319 1931 Prodigia
333 1859 608 1922 provincias
642 1856 1090 1922 proficiscerentur,
1129 1856 1348 1922 prodigia
1376 1855 1626 1920 procurari

332 1926 514 1991 placuit
536 1945 544 1975 :
565 1927 698 1993 quod
725 1926 853 1976 aedes
876 1926 1084 1974 Vulcani
1105 1941 1125 1991 3
1150 1924 1498 1990 Summanique
1519 1923 1625 1971 Ro-

332 2012 461 2056 mae,
498 2013 532 2056 4
564 1995 700 2063 quod
733 1996 787 2045 &
827 1994 1062 2063 Fregellis
1100 2011 1264 2043 murus
1297 1993 1350 2042 ὃ(
1381 2009 1524 2060 porta
1558 1991 1623 2044 de

329 2133 469 2190 priore
487 2147 622 2183 ann03
641 2134 703 2175 sed
722 2149 827 2175 nunc
844 2148 942 2189 quo·
1007 2133 1256 2188 citeriorque
1287 2131 1513 2187 provinciae
1538 2141 1623 2174 ter-

332 2211 410 2251 que
439 2197 492 2236 ita
518 2208 726 2250 comparat
759 2198 906 2236 bellum
926 2225 940 2242 ,
1006 2197 1269 2237 minarentur.

329 2270 376 2299 ut
438 2259 691 2312 perfecimus
758 2259 941 2314 proxima
1070 2255 1483 2311 3Summani.”Pluto
1501 2255 1620 2297 Sum-

328 2321 464 2364 aestate
484 2321 684 2363 videatur.
1004 2336 1138 2361 manus
1178 2335 1198 2360 a
1231 2318 1421 2359 Romanis
1460 2318 1619 2358 diceba·

393 2396 407 2423 1
450 2381 792 2440 Quadringenti.]
827 2382 938 2439 Lege
1003 2394 1068 2422 tur
1092 2414 1104 2433 ‚
1144 2380 1249 2435 quasi
1299 2380 1475 2420 Summus
1515 2379 1615 2421 Ma·

327 2445 599 2502 quadringeni.
1001 2445 1121 2485 nium.

396 2520 418 2548 2
460 2504 554 2565 Qud
583 2506 801 2558 ulteriora]
833 2506 938 2559 Quae
1061 2521 1091 2554 4
1130 2504 1251 2564 Quod
1290 2503 1326 2544 5·
1362 2503 1613 2561 Fregelli5.]

327 2570 445 2625 regio
464 2583 537 2623 pro
563 2568 758 2609 ulteriore
777 2569 937 2620 provin·
1003 2566 1213 2609 Partictiiae
1247 2567 1322 2606 illae
1357 2565 1459 2620 qubd
1485 2565 1523 2608 ὃ·
1553 2565 1618 2614 (ιν,
1643 2562 1646 2564 ’

327 2631 389 2672 cia
407 2661 418 2677 ‚
445 2646 531 2686 quae
559 2645 632 2685 pro
660 2630 849 2671 citeriore
869 2631 937 2670 ha·
999 2644 1264 2688 pervacaneae
1291 2628 1397 2672 sunt.

324 2693 527 2737 laetetur:
549 2708 631 2754 quo
657 2692 736 2737 fine
767 2692 937 2736 ulterior
