1680 3052
251 117 615 178 LinER
697 104 1079 168 XXXIH.

1216 125 1318 190 πῃ

38 212 45 225 “’
117 195 251 250 XIII.
281 198 393 248 Hoc
423 193 606 246 dimiss'o
639 192 846 242 concilio
865 228 880 251 ‚
911 190 1107 256 postero
1129 189 1206 238 die
1241 208 1324 239 rex
1338 201 1530 252 04:555,

46 270 110 320 ad
138 269 332 328 fauces,
373 283 477 332 quae
508 263 667 312 ferunt
700 262 749 309 in
783 258 978 323 Tempe
1009 255 1031 323 (
1060 272 1080 318 3
1107 259 1145 304 is
1187 257 1324 304 datus
1338 258 1527 300 ωηατ.

37 352 151 386 ¹erat
171 338 302 385 locus
335 329 620 398 colloquio)
651 331 817 379 venit:
840 327 985 374 tertio
1021 324 1102 372 die'
1127 323 1262 371 datur
1281 327 1325 372 ei

48 399 382 460 Romanorum
425 419 480 449 ac
514 399 753 447 sociorum
788 391 1013 460 frequens
1048 392 1322 440 concilium.

0 529 1 536 ἵ
49 471 121 521 Ibi
152 472 393 538 Philippus
428 484 660 534 perquam
691 463 953 531 prudenter
973 498 988 521 ‚
1019 461 1073 508 iis
1103 457 1200 506 fine
1218 460 1416 535 qUi'cum
1436 497 1528 536 Plu·-

48 540 136 588 bus
173 558 263 605 pax
290 537 532 601 impetrari
562 552 662 582 non
693 528 1012 598 poterat‚su{i
1045 529 1205 594 potius
1236 544 1366 596 vom·
1423 573 1444 598 ο

46 604 230 656 luntate
264 602 472 661 omiffis‚
505 601 649 669 quum
673 615 725 649 ut
749 597 1027 648 altercando
1062 609 1326 660 extorque·
1363 573 1418 614 pp
1450 586 1464 601 ⁸

43 689 208 722 rentur
232 709 247 732 ‚
278 673 583 740 quae'priore
620 668 867 733 colloquio
907 680 986 713 aut
1027 665 1262 729 imperata
1297 681 1326 711 a

35 740 281 790 Romanis
305 778 319 801 ‚
356 756 434 788 aut
464 736 699 804 postulata
740 737 799 783 ab
826 733 965 784 sociis
1000 729 1175 791 essent,
1209 748 1328 778 om-

43 810 124 859 nia
150 809 195 858 se
219 809 490 857 concedere
514 823 529 866 ;
558 805 620 855 de
646 806 816 853 ceteris
853 801 1033 850 senatui
1070 797 1326 864 permiss'u-

26 893 153 926 'rum
183 878 314 924 dixit.
349 875 644 940 Quanquam
683 872 763 922 vel
799 866 1127 917 inimicissimis
1160 868 1331 914 omni--

46 944 138 996 bus
162 943 441 1011 praeclusiffe
472 958 653 990 vocem
679 937 935 988 videbatur
956 975 970 998 ‚
1004 935 1231 983 Phaeneas
1253 947 1331 982 ta-

32 1030 158 1064 men
179 1012 366 1061 AEtolus
385 1049 400 1071 ‚
425 1010 603 1059 cunt‘iis
633 1007 904 1057 tacentibus
925 1042 939 1064 ‚

977 1005 1108 1069 Quid
1120 1005 1146 1051 ᾗ
1166 1003 1298 1051 nobis
1311 1039 1328 1064 ,

40 1079 239 1148 (inquit
260 1080 280 1145 )
311 1080 531 1144 philippe
549 1115 565 1136 ‚
598 1076 800 1141 reddisne
819 1075 998 1123 tandem
1016 1070 1292 1135 Pharsalum
1310 1108 1328 1130 ,

43 1149 94 1199 ὃ·
127 1148 350 1213 Lariffim
382 1147 659 1212 Cremasten,
688 1145 734 1192 δ’
762 1144 992 1191 Echinum
1013 1177 1029 1198 ,
1071 1140 1116 1188 δ’
1147 1139 1326 1189 Thebas

43 1216 290 1269 Phthias?
325 1214 499 1280 Quum
539 1212 786 1277 Philippus
823 1209 942 1258 nihil
974 1209 1152 1257 morari
1182 1207 1323 1258 dice·
1382 1230 1530 1276 Disce-

34 1300 153 1344 -ret,
186 1286 441 1350 quominus
474 1282 782 1347 reciperent3
817 1294 850 1338 4
878 1277 1161 1344 disceptatio
1197 1278 1466 1352 interpmgg

43 1355 391 1417 imperatorem
423 1350 701 1400 Romanum
729 1348 783 1397 ὅ(
807 1346 1000 1396 AEtolos
1024 1360 1131 1395 orta
1164 1343 1232 1394 est
1265 1345 1326 1395 de
1339 1360 1444 1399 inm

43 1419 232 1469 Thebis
268 1438 278 1468 ε

44 1488 142 1538 &as
173 1486 267 1539 effe

42 1557 167 1616 bus,
204 1559 417 1607 exercitu
448 1557 507 1604 ab
542 1555 589 1604 se
613 1555 814 1604 admoto
837 1590 852 1612 ‚
884 1552 1048 1602 vocati
1076 1568 1126 1600 m
1158 1550 1326 1600 amici-

43 1625 163 1675 tiam
184 1662 198 1685 ‚
226 1643 373 1692 quum
396 1622 603 1691 potestas
627 1624 776 1672 libera
801 1618 1092 1670 desciscendi
1117 1619 1177 1667 ab
1209 1634 1326 1686 rege

40 1691 160 1742 esset
172 1730 189 1753 ,
206 1695 386 1761 regiam
401 1693 677 1742 societatem
695 1690 934 1740 Romanae
951 1685 1331 1754 praeposuiffent.

35 1759 274 1810 Phaeneas
297 1800 310 1820 ‚
342 1762 394 1811 &
423 1779 512 1828 pro
532 1760 761 1810 societate
780 1758 928 1817 belli,
957 1774 1065 1823 quae
1085 1769 1196 1804 ante
1218 1755 1333 1803 hel-

41 1829 146 1880 lum
177 1828 438 1879 habuissent
458 1867 473 1889 ‚
503 1828 679 1878 restitui
715 1827 893 1878 AEtolis
925 1841 1116 1891 aequum
1154 1822 1333 1873 cense-

49 1915 272 1972 illigabitur
306 1931 407 1971 pax.
431 1917 448 1969 ]
497 1917 653 1971 Illigata

45 1992 126 2032 pax
141 1977 247 2018 refi‘e
265 1978 412 2031 exponi
427 1977 558 2032 potest
575 1992 654 2031 pax

45 2040 96 2080 iis
117 2040 413 2079 conditionibus
435 2067 447 2087 ,
466 2051 654 2093 tanquam

45 2102 220 2141 vinculis
239 2129 250 2147 ,
273 2100 449 2141 adstrifta
474 2128 485 2148 ,
503 2111 548 2141 ut
569 2102 654 2142 sol-

46 2164 88 2203 vi
108 2162 227 2202 facile
248 2176 329 2202 non
348 2173 484 2216 queat.

113 2235 133 2276 3
157 2223 198 2263 Is
214 2225 327 2263 datus
347 2237 429 2264 erat
447 2224 556 2264 locus
572 2224 655 2264 col-

51 2285 235 2340 loquim]
259 2286 407 2326 Melius
429 2286 562 2326 dicias.

112 2360 139 2396 4
157 2345 466 2402 Disceptatio...
487 2349 532 2388 de
552 2347 656 2388 The-

49 2407 162 2460 ·bis.]
185 2409 265 2449 Hic
282 2410 414 2449 Livius
435 2437 446 2456 ,
471 2410 561 2449 dum
578 2409 656 2450 Po-

54 2470 202 2524 lybium
223 2498 233 2516 ‚
266 2486 380 2524 quem
408 2472 533 2512 vertit
551 2500 561 2519 ,
593 2472 656 2510 in-

53 2529 242 2570 curiosius
276 2532 429 2586 inspicit
451 2562 461 2580 ,
491 2533 530 2573 in
565 2547 655 2587 gra·

53 2590 241 2631 vissimum
261 2592 424 2647 impegit
453 2608 650 2635 errorem.

46 2652 173 2709 ¹Nulla
203 2653 304 2695 enim
333 2655 567 2711 disceptatio
589 2657 653 2698 iri-

717 1925 780 1955 ter
804 1914 1086 1968 imperatorem
1104 1912 1332 1954 Romanum

720 1977 760 2017 &
781 1975 945 2017 AEtoios
965 1985 1052 2017 orta
1074 1974 1128 2014 est
1146 1975 1194 2015 de
1215 1975 1334 2014 The-

717 2037 778 2078 bis
800 2066 810 2086 ,
837 2051 933 2092 quas
953 2065 964 2083 ,
988 2046 1133 2089 utpote
1153 2036 1191 2076 vi
1213 2036 1336 2075 reda-

718 2100 797 2139 &as
819 2099 857 2139 in
880 2100 1075 2139 ditionem
1105 2125 1116 2145 ,
1141 2097 1336 2150 Quintius

658 2196 666 2203 1
717 2161 999 2201 reddiAEtolis
1027 2160 1135 2213 posse
1155 2160 1194 2200 ὅ(
1213 2160 1336 2198 debe-

718 2237 762 2263 re
790 2235 870 2263 non
892 2223 1080 2277 negabat.
1100 2221 1209 2261 Tota
1236 2234 1333 2261 con-

718 2286 849 2325 tentio
885 2285 961 2324 fuit
995 2284 1046 2324 de
1079 2282 1205 2322 tribus
1240 2281 1331 2321 aliis

719 2347 882 2387 urbibus
913 2343 1035 2386 modo
1064 2342 1292 2384 memoratis
1314 2370 1327 2388 ,

720 2423 806 2462 quae
825 2408 1037 2448 voluntate
1057 2406 1096 2445 in
1113 2404 1330 2444 amicitiam

718 2469 993 2511 Romanorum
1020 2475 1232 2507 venerant.
1251 2464 1331 2505 Ea-

718 2547 804 2572 rum
828 2533 975 2572 nullam
995 2528 1144 2569 AEtolis
1164 2526 1330 2566 traden-

720 2595 807 2636 dam
826 2593 1019 2647 Quintius
1035 2589 1329 2632 contendebat.

927 2707 1047 2770 Gir

1392 315 1527 354 Collo-

1336 376 1459 427 qnium
1476 374 1530 413 ad

1342 435 1479 490 Tempe
1512 464 1527 480 ,

311 1437 421 1468 nam
445 1436 525 1469 eas
552 1417 723 1485 populi
751 1414 964 1465 Romani
994 1412 1101 1479 jure
1124 1413 1240 1462 belli
1260 1412 1454 1464 fa-Rom.
1491 1418 1531 1458 ὃ·

303 1488 534 1554 Quintius
569 1486 796 1544 dicebat,
830 1483 965 1552 quod
1009 1483 1207 1562 integris
1241 1482 1527 1532 re-AEtolos.
