1680 3052
304 115 351 174 L
396 129 419 170 1
464 125 501 169 Β
545 127 583 168 E
627 122 668 168 R
750 110 1082 169 XXXII.
1224 120 1336 189 105

52 187 172 266 ‘quid'
193 199 260 247 ita
283 193 444 263 paffus
481 193 538 260 esi
568 188 796 240 Eretriam
834 193 1152 256 Carystumque
1182 191 1290 256 capi
1311 192 1542 255 θυαμ-4,

57 267 171 333 quid
205 267 271 314 ita
295 279 359 314 tot
396 259 628 326 Theffaliae
661 259 792 308 urbes
810 259 839 305 ?
873 260 987 324 quid
1008 260 1076 306 ita
1100 260 1337 307 Locridem
1351 257 1542 310 a.C.198.

59 334 392 398 Phocidemque
408 330 434 379 ἓ
461 330 572 395 quid
592 329 661 376 ita
687 345 808 376 nunc
844 326 1058 375 Elatiam
1084 329 1339 392 oppugnari

53 403 235 469 patitur
254 402 280 449 ?
312 417 393 449 cur
415 395 587 460 exceffit
604 394 825 461 faucibus
853 396 991 460 Epiri
1010 430 1028 452 ,
1052 394 1340 459 claustrisque

60 471 161 519 illis
191 464 620 534 inexpugnabilibus
646 464 788 530 super
818 465 977 513 Aoum
1009 479 1185 510 amnem
1206 497 1221 522 ‚
1256 475 1343 510 aut

63 538 147 597 vi,
182 551 262 584 aut
289 551 406 583 metu
429 569 445 594 ‚
485 547 569 581 aut
611 533 847 581 voluntate
880 566 899 590 ‚
947 530 1181 595 relictoque
1214 545 1344 594 quem

64 604 281 669 insidebat
295 602 427 667 saltu
447 637 463 661 ‚
486 599 675 666 penitus
705 601 754 649 in
777 617 956 667 regnum
987 599 1104 647 abiit
1122 598 1148 644 ?
1173 598 1228 647 Si
1249 597 1344 662 suci

62 671 297 721 voluntate
329 684 395 719 tot
415 668 570 734 fhcios
606 669 791 733 reliquit
811 668 1004 734 hostibus
1027 666 1308 732 diripiendos
1326 700 1344 725 ‚

62 740 177 805 quid
195 737 397 804 recusare
421 739 561 804 potest
578 771 594 793 ,
625 737 736 802 quin
762 736 808 785 ξω
819 736 938 802 socii
949 735 1040 800 fibi
1059 732 1343 800 consulant?

52 809 102 873 fi
119 822 235 855 metu
254 842 270 866 ,
304 806 435 855 nobis
457 822 631 870 quoque
666 805 868 870 ignoscat
887 804 1148 852 timentibus
1174 820 1188 852 .·
1205 804 1254 867 fi
1273 802 1347 852 νὶ-

66 877 162 923 c't‘us
184 875 322 923 armis
356 872 470 938 ceffit
491 909 510 932 ,
545 874 712 922 Aclzaei
734 890 863 921 arma
882 871 1348 937 Romanasuftinebi-

63 960 165 991 mus
186 980 201 1001 ,
239 943 507 991 Cleomedon
523 977 543 999 ‚
573 958 668 1005 quae
691 958 774 990 vos
790 940 1074 991 Macedones
1102 959 1192 989 non
1208 938 1353 1006 susti*

63 1011 261 1077 nuistis?
280 1026 313 1075 7
336 1012 420 1061 An
439 1010 522 1058 tibi
538 1008 694 1075 potius
711 1011 947 1057 credamus
963 1046 977 1068 ‚
999 1011 1235 1057 Romanos
1253 1025 1346 1057 non

64 1076 314 1145 majoribus
349 1078 530 1144 copiis,
565 1094 646 1125 nec
679 1077 887 1138 viribus,
924 1095 1042 1125 nunc
1074 1077 1239 1125 bellum
1259 1095 1347 1144 ge·-

68 1165 159 1196 rere
181 1183 198 1205 ,
236 1146 369 1212 qucim
397 1162 534 1194 antea
565 1142 798 1210 gefferirzt,
825 1144 981 1211 potius
1017 1146 1150 1211 quam
1182 1164 1252 1193 res
1276 1145 1352 1211 ip-

59 1215 143 1281 sas
173 1215 472 1264 intueamur?
502 1214 696 1262 AEtolos
730 1229 823 1261 tum
856 1211 990 1276 claffi:
1024 1212 1302 1277 adjuverunt
1332 1229 1348 1261 .·

72 1280 102 1331 8
130 1301 209 1331 nec
238 1285 351 1330 duce
375 1281 601 1347 consulari
620 1319 635 1339 ,
670 1299 750 1330 nec
780 1283 981 1330 exercitu
1016 1281 1180 1329 bellum
1204 1280 1352 1348 geffe-

71 1366 191 1399 runt.
219 1354 452 1400 Sociorum
478 1350 691 1416 Philippi
717 1350 954 1398 maritimae
979 1350 1110 1397 urbes
1136 1351 1183 1398 in
1209 1365 1353 1397 terro·

69 1435 116 1466 re
154 1434 212 1466 ac
247 1420 439 1467 tumultu
468 1433 632 1465 erant:
666 1419 991 1466 mediterranea
1024 1419 1138 1465 adei)
1163 1433 1260 1466 tuta
1291 1418 1350 1465 ab

70 1487 296 1535 Romanis
323 1487 462 1534 armis
469 1485 661 1550 ficerunt
682 1523 696 1546 ‚
726 1501 777 1534 ut
794 1486 1046 1552 Philippus
1064 1485 1251 1535 AEtolos
1272 1505 1355 1534 ne-

71 1554 311 1619 quicquam
339 1572 465 1620 opem
492 1556 800 1602 Romanorum
823 1556 1117 1621 implorantes
1147 1556 1354 1621 depopu-

73 1623 256 1671 laretur.
277 1624 420 1671 Nunc
440 1637 588 1671 autem
619 1620 812 1688 defiznbli
831 1624 948 1672 bello
970 1624 1153 1671 Punico
1175 1626 1354 1671 Roma-

72 1691 123 1740 ni
143 1727 158 1750 ,
192 1692 312 1755 quod
333 1707 417 1756 per
423 1690 650 1755 sexdecim
684 1710 861 1749 annos,
883 1691 1009 1739 velut
1036 1692 1157 1739 intra
1176 1691 1353 1755 viscera

71 1758 252 1820 Italica,
284 1760 617 1819 toleraverunt,
650 1778 740 1807 non
760 1761 1015 1824 praesidium
1044 1760 1227 1808 AEtolis
1251 1760 1354 1807 bel-

75 1826 277 1876 lantibus
307 1828 549 1891 miserunt,
577 1828 663 1891 fid
695 1829 782 1893 ipfi
809 1830 943 1876 duces
968 1828 1076 1875 belli
1107 1846 1235 1874 arma
1256 1843 1355 1875 ter-

74 1896 127 1944 ni
153 1896 350 1961 marique
377 1896 520 1962 fimul
558 1897 849 1946 Asacedoniae
877 1897 1141 1945 intulerunt.
1177 1898 1355 1946 Tertius

138 2053 164 2094 7
188 2040 253 2082 An
280 2041 354 2082 tibi
382 2041 516 2098 potitis
542 2044 682 2083 creda·
744 2044 850 2085 lares
870 2073 882 2092 ,
912 2044 978 2085 sed
1011 2043 1197 2085 consules
1230 2042 1357 2084 duces

74 2117 211 2144 mus...
233 2103 367 2158 potius
402 2105 528 2159 quam.
550 2108 565 2159 ]
596 2105 683 2145 Ad·
744 2106 939 2160 posterius
952 2108 1032 2147 hoc
1048 2107 1196 2147 bellum
1214 2106 1358 2145 adver·

77 2165 185 2206 ditur
221 2164 395 2205 secunde>
427 2165 560 2220 potius
583 2195 595 2216 ,
640 2177 684 2209 ut
746 2166 812 2208 sits
845 2167 1067 2222 Philippum
1097 2178 1262 2222 gerunt.
1291 2167 1358 2207 In-

82 2226 229 2268 clarior
247 2228 443 2281 procedat
461 2228 590 2269 oratio
610 2256 623 2277 ‚
642 2230 683 2270 ὅ(
747 2229 805 2271 Ἐπεὶ
842 2258 853 2278 ,
895 2230 1049 2270 Tertius
1087 2230 1171 2280 jam
1219 2225 1358 2282 confixi

79 2292 171 2347 quia
202 2288 251 2334 τὶ)
287 2293 397 2347 quam
436 2292 687 2347 longiusculo
743 2287 1355 2347 summdvigerithellum.Lege

81 2353 296 2394 intervallo
332 2354 440 2394 distat
486 2368 507 2393 a
552 2355 686 2407 priore
752 2367 962 2408 ergotnec
979 2355 1071 2393 duce
1090 2349 1370 2407 ι,·οη]ἰιῖε,ηεεμ

82 2414 155 2456 isso
191 2415 341 2471 potius.
372 2415 471 2458 vid.
509 2415 688 2456 fimilium
751 2413 1361 2468 exercituconfizlarisvel,nec

82 2477 403 2530 pleonasmomm
439 2479 621 2532 exempla
648 2477 688 2517 in
752 2477 846 2517 duce
865 2506 876 2526 ‚
894 2492 963 2517 nec
983 2475 1154 2516 exercitu
1173 2471 1360 2528 consula-

88 2548 177 2578 not.
210 2550 224 2578 1
251 2566 262 2585 ‚
290 2540 385 2579 adl.
407 2539 466 2579 IX
488 2569 498 2584 ,
523 2555 559 2580 c.
582 2553 626 2591 7.
753 2538 817 2585 ri,
839 2539 892 2578 ita
911 2550 953 2578 ut
970 2553 1019 2578 ex
1040 2538 1152 2578 sensu
1167 2537 1206 2576 in
1224 2535 1359 2588 priore

155 2599 177 2638 8
216 2599 303 2639 Nec
336 2601 429 2639 duce
462 2599 690 2656 consulari,
753 2602 935 2644 membro
951 2600 1134 2654 suppleas
1159 2594 1331 2653 consule,

85 2675 159 2704 nec
184 2661 371 2705 exercitu.
391 2663 410 2718 ]
432 2663 529 2706 Non
555 2663 694 2706 consu·
1005 2715 1047 2773 E

1065 2736 1095 2771 V
