1680 3052
334 119 690 183 LIBER
788 122 1073 182 XXXI.
1260 131 1339 199 '17

14 199 17 205 ¹
69 197 296 260 faciurum
332 207 489 255 vovit.
531 197 706 253 Toties
759 205 866 252 ante
914 198 1012 250 ludi
1062 201 1230 269 Magni
1276 203 1338 253 de
1355 217 1544 268 [Le-5520¹

71 289 198 324 certa
236 275 436 337 pecunia
461 274 565 321 voti
593 286 757 321 erant:
785 273 813 318 ii
847 271 981 336 primi
1015 269 1074 317 de
1105 271 1303 319 incerta.
1353 272 1547 318 a.C.200‘0

136 340 200 389 X.
221 340 458 389 Omnium
482 342 648 388 animis
676 341 721 386 in
754 337 933 387 bellum
959 336 1338 385 Macedonicum

69 407 214 459 versis
232 445 246 468 ‚
272 410 469 473 repente
499 408 611 455 nihil
643 407 798 454 minus
830 423 890 454 eo
914 419 1137 469 tempore
1161 406 1342 452 timen-

69 471 194 525 tibus
222 514 235 536 ,
267 474 440 523 Gallici
474 473 700 524 tumultus
739 473 864 521 fama
899 487 1066 520 exorta
1097 470 1182 521 est.
1209 470 1342 519 Insu-
1367 484 1547 530 Gallicus

64 543 179 592 'bres
199 580 212 599 ,
234 542 602 609 Cenomanique
623 580 636 602 ,
670 543 720 590 ἃ
747 541 884 600 Boii,
912 541 1080 588 excitis
1110 556 1125 583 1
1151 538 1308 605 Salyis
1327 576 1341 598 ‚
1359 550 1503 588 tumul-

69 609 386 676 Ilvatibusque
421 649 437 669 ,
491 611 541 659 ὃ(
590 610 760 659 ceteris
811 606 1061 675 Ligustinis
1109 608 1301 673 populis
1326 622 1441 667 ,ω’
1474 625 1550 649 aa·

69 677 314 727 Amilcare
346 679 494 727 Poeno
527 678 647 726 duce
669 715 682 735 ‚
716 678 796 741 qui
828 679 877 725 in
908 677 977 723 his
1005 676 1122 724 locis
1152 675 1213 724 de
1247 674 1341 724 As-
1358 671 1457 740 blare
1485 672 1550 711 Α·

67 743 275 795 drubalis
312 749 525 795 exercitu
561 745 822 793 substiterat
843 782 858 805 ‚
883 742 1172 792 Placentiam
1201 745 1344 792 iuva-2
1357 733 1539 777 malcare.

68 811 222 862 serant
246 831 254 860 :
281 813 329 862 &
363 812 550 880 direpta
572 813 687 862 urbe
711 852 722 869 ‚
752 831 804 861 ac
828 829 913 878 per
938 813 1058 859 iram
1087 828 1262 878 magna
1284 829 1345 861 ex

68 897 205 947 parte
240 882 435 930 incensa
462 920 476 940 ,
509 884 590 929 vix
628 881 815 929 duobus
853 879 1058 928 millibus
1089 879 1348 928 hominum

67 950 191 997 inter
223 950 442 998 incendia
474 947 719 1017 ruinasque
754 948 923 997 relictis
946 985 960 1006 ‚
985 944 1184 1006 trajecto
1214 947 1348 997 Pado

67 1016 130 1066 ad
174 1015 472 1066 Cremonam
519 1017 841 1082 diripiendam
884 1031 1108 1082 pergunt.
1158 1015 1351 1065 Vicinae

68 1084 196 1133 urbis
232 1086 390 1134 audita
438 1084 597 1134 clades
643 1084 845 1149 spatium
887 1085 1072 1132 colonis
1118 1083 1253 1134 dedit
1289 1084 1352 1133 ad

28 1184 32 1189 ·
69 1152 360 1202 claudendas
386 1167 547 1219 portas
568 1190 580 1212 ,
603 1151 912 1218 praefidiaque
945 1169 1031 1216 pet·
1056 1168 1221 1200 muros
1253 1152 1353 1201 dis-

69 1220 302 1286 ponenda
329 1258 344 1281 ‚
378 1238 400 1263 2
431 1235 482 1268 ut
514 1219 845 1269 obsiderentur
874 1236 1036 1268 tamen
1073 1218 1352 1287 priusquam

71 1298 460 1356 expugnarentur
485 1326 498 1346 ‚
533 1287 829 1354 nuntiosque
860 1289 1104 1336 mitterent
1129 1287 1188 1336 ad
1218 1307 1353 1354 prae-

70 1370 230 1405 torem
253 1355 550 1405 Romanum.
575 1355 628 1404 L.
646 1355 811 1404 Furius
842 1354 1086 1421 Purpureo
1108 1393 1122 1413 ‚
1142 1359 1221 1421 qui
1245 1374 1350 1408 tum

70 1426 334 1490 provinciae
373 1437 609 1488 praeerat,
641 1440 806 1473 cetero
846 1440 906 1472 ex
942 1422 1350 1475 senatusconsulto

71 1494 283 1541 exercitu
311 1489 497 1540 dimisso
516 1530 530 1551 ‚
557 1507 729 1558 praeter
760 1493 970 1559 quinque
995 1493 1142 1540 millia
1168 1491 1351 1542 socium

68 1576 126 1609 ac
156 1559 310 1608 Latini
346 1561 555 1608 nominis
576 1596 592 1620 ,
628 1578 737 1609 cum
769 1562 824 1610 iis
858 1562 1008 1627 copiis
1044 1562 1093 1609 in
1127 1563 1351 1626 proxima

70 1629 268 1696 regione
307 1630 569 1693 provinciae
606 1631 730 1678 circa
759 1628 1033 1678 Ariminum
1070 1627 1352 1681 substiterat.

71 1695 119 1745 Is
155 1712 257 1746 tum
289 1696 467 1745 senatui
503 1695 679 1763 scripsit
706 1735 720 1758 ,
764 1716 862 1765 quo
898 1702 946 1747 in
983 1695 1190 1747 tumultu
1228 1717 1353 1766 pro-

69 1764 230 1815 vincia
259 1763 387 1814 effet.
416 1768 627 1814 Duarum
662 1768 942 1815 coloniarum
964 1804 978 1823 ,
1003 1784 1098 1834 quae
1129 1769 1349 1834 ingentem

14 1862 38 1870 -«
71 1833 202 1882 illam
250 1836 540 1900 tempestatem
574 1837 748 1884 Punici
792 1836 900 1884 belli
935 1835 1297 1904 subterfitgiffknt
1333 1877 1350 1900 ,

73 1902 261 1950 alteram
300 1918 480 1968 captam
517 1921 573 1950 ac
605 1906 826 1970 direptam
863 1906 920 1952 ab
958 1906 1187 1972 hostibus,
1223 1909 1352 1955 alte-

70 1987 169 2018 ram
197 1972 463 2037 oppugnari.
489 1974 590 2020 Nec
610 1974 656 2021 in
682 1975 879 2022 exercitu
899 1974 986 2037 suo
1005 1972 1125 2037 satis
1148 1976 1354 2040 praefidii

70 2037 248 2086 colonis
287 2040 597 2088 laborantibus
640 2038 738 2101 fhre
767 2078 781 2101 ‚
822 2043 910 2105 nisi
953 2043 1146 2106 quinque
1197 2045 1351 2091 millia

61 2104 237 2172 fhcizim
259 2109 559 2173 quadraginta
588 2109 791 2157 millibus
819 2110 1000 2174 hostium
1024 2107 1130 2176 (tot
1155 2112 1269 2157 enim
1299 2112 1348 2159 ia

71 2174 212 2223 armis
243 2173 366 2240 effe)
400 2176 676 2225 trucidanda
709 2175 901 2241 objicere
932 2178 1043 2226 velit
1075 2215 1094 2236 ,
1132 2177 1177 2226 6³
1212 2177 1350 2239 tanta*

135 2297 153 2327 1
177 2285 311 2340 Salyz‘s
328 2313 340 2335 ,
357 2284 672 2342 Ilvatibusque.]

69 2345 179 2402 Salyi
199 2376 210 2395 ,
229 2349 297 2401 qui
313 2350 416 2389 inter
437 2349 675 2391 Rhodanum

74 2408 117 2450 &
134 2409 259 2462 Alpes
287 2410 521 2451 incolebant
539 2440 550 2459 ,
579 2412 676 2452 nihil

70 2468 147 2510 huc
168 2471 388 2523 pertinent.
405 2473 520 2513 Varii
536 2488 673 2514 emen-

72 2529 232 2572 datores
252 2533 357 2572 varia
374 2535 531 2574 nomina
549 2550 674 2589 repo·

73 2603 187 2632 nunt.
215 2593 350 2641 Unum
387 2596 536 2635 constat
564 2624 575 2644 ‚
608 2597 672 2638 hic

72 2653 295 2708 appellatos
312 2655 388 2699 effe
407 2670 429 2699 a
446 2657 565 2701 Livio
589 2654 692 2700 non'

736 2289 836 2330 alios
870 2291 983 2342 quam
1016 2303 1037 2331 e
1070 2288 1230 2346 Liguria
1269 2303 1350 2344 po·

737 2351 869 2405 pulos.

800 2411 889 2452 2Ut
901 2410 1163 2465 obsiderentur
1177 2411 1342 2466 tamem]

735 2474 795 2514 Ut
829 2487 908 2514 non
938 2474 1064 2527 primo
1089 2475 1240 2527 impetu
1271 2488 1345 2514 ex-

735 2546 1007 2589 pugnarentur
1035 2563 1046 2582 ‚
1082 2536 1344 2588 quemadmo-

736 2597 827 2636 dum
845 2595 1089 2645 Placentini,
1106 2596 1172 2635 sed
1191 2595 1343 2638 obfide-

733 2658 770 2703 εἰ
786 2657 923 2702 saltem
947 2658 1085 2703 urbem
1101 2656 1258 2703 necess'e
1277 2658 1342 2715 es:
