1680 3052
325 119 436 178 512
602 101 1315 178 T1T1L1V11

114 184 468 256 U-c.563.¹¹0ffi⁵
499 184 698 253 incepto
725 185 958 238 recessere
979 226 993 248 ‚
1019 187 1102 238 sed
1126 191 1175 238 in
1205 189 1445 254 reliquum
1474 193 1603 259 quo:

115 259 302 314 a.C.189.
320 269 415 320 que
444 267 637 320 tempus
660 257 826 315 ,velut
851 256 1032 322 proditi
1062 275 1089 304 a
1110 256 1199 306 suis
1229 294 1243 317 ‚
1269 256 1510 324 segniores
1539 258 1602 308 ad

317 321 535 388 pericula
580 339 715 372 erant
753 342 768 383 3
811 323 910 389 jam
948 340 1097 373 nemo
1139 325 1474 390 eruptionibus
1498 363 1513 386 ,
1547 341 1604 376 ut-

320 390 433 438 ante
455 426 471 452 ,
500 392 550 438 in
583 389 810 440 stationes
857 388 1064 439 hostium
1099 429 1114 452 ,
1157 393 1239 441 sed
1279 392 1488 459 disposui
1519 410 1603 460 per

320 475 492 508 muros
531 458 583 507 ὃς
618 473 772 508 turres
805 476 865 508 ex
895 473 1003 509 tuto
1045 460 1344 528 pugnabant.

390 524 544 575 VII.
576 525 771 576 Perseus
817 526 899 576 ubi
953 526 1111 576 adesse
1150 529 1341 578 AEtolos
1384 527 1608 588 audivitj

321 592 502 644 omissa
528 592 780 644 obsidione
809 594 936 644 urbis
969 611 1114 661 quarn
1145 596 1457 663 oppugnabat
1478 633 1493 657 ‚
1517 596 1608 645 de·-

323 662 589 730 populatus
626 664 816 711 tantum
852 680 993 730 agros
1016 662 1407 729 ,·Amphilochia
1443 662 1614 713 exces-

324 728 383 780 sit
398 768 415 791 ‚
449 742 592 796 atque
614 730 664 778 in
686 731 1035 780 Macedoniam
1063 731 1222 782 rediit.
1244 731 1305 781 Et
1326 733 1516 782 AEtolos
1538 734 1614 781 in-

324 799 391 848 de
429 800 659 848 avocavit
695 800 950 866 populatio
990 800 1243 849 maritimae
1278 819 1392 849 orae.
1415 800 1614 849 Pleura-

326 881 404 916 tus
440 864 718 932 Illyriorum
756 885 839 916 rex
875 885 985 915 cum
1023 866 1270 934 sexaginta
1303 868 1475 916 lembis
1508 866 1615 917 Co·

326 935 558 983 rinthium
579 934 731 984 smum
758 935 971 985 inve&us
987 974 1002 996 ‚
1036 935 1265 1000 adjunffis
1287 936 1578 984 Achaeorum
1599 972 1614 995 ‚

329 1020 438 1070 quae
475 1002 625 1051 Patris
661 1018 833 1065 erant,
874 1005 1074 1053 navibus
1100 1040 1115 1063 ,
1149 1006 1387 1053 maritima
1422 1004 1616 1052 AEtoliae

331 1069 549 1120 vastabat
569 1088 582 1131 ;
601 1071 831 1121 adversus
855 1091 977 1138 quos
999 1072 1130 1121 mille
1149 1073 1297 1123 AEtoli
1326 1071 1447 1121 miffi
1465 1109 1477 1131 ‚
1500 1090 1619 1138 qua·

334 1156 547 1205 cumque
579 1139 625 1189 se
672 1138 820 1191 claffis
855 1143 1200 1207 circumegerat
1227 1178 1241 1201 ‚
1275 1158 1361 1206 per
1401 1140 1619 1189 littorum

335 1205 593 1256 amfraflus
632 1208 935 1258 brevioribus
973 1208 1147 1258 semitis
1188 1210 1525 1258 occurrebant.
1560 1207 1626 1258 Et

337 1272 552 1325 Romani
580 1276 641 1325 ad
661 1276 972 1326 Ambraciam
1005 1276 1218 1343 pluribus
1251 1277 1371 1326 locis
1403 1277 1623 1344 quatien-

335 1344 407 1393 do
444 1344 669 1394 arietibus
708 1363 871 1395 muros
894 1384 914 1411 ,¹
932 1347 1227 1412 aliquantum
1254 1346 1382 1395 urbis
1407 1345 1627 1395 nudave-

337 1426 465 1463 rant.
487 1411 595 1463 Nec
618 1429 779 1463 tamen
806 1429 1062 1480 penetrare
1093 1416 1139 1462 in
1162 1414 1330 1464 urbem
1355 1428 1582 1481 poterant
1605 1429 1623 1474 ;

339 1498 454 1530 nam
483 1481 534 1531 &
560 1485 662 1549 pari
692 1483 937 1532 celeritate
967 1500 1126 1531 novus
1157 1501 1247 1548 pro
1282 1483 1439 1532 diruto
1459 1499 1624 1531 murus

341 1547 666 1615 objiciebatur
686 1588 702 1611 ‚
744 1552 797 1600 &
826 1553 992 1601 armati
1021 1553 1164 1599 ruinis
1195 1549 1509 1616 superstantes
1545 1553 1625 1598 in-

340 1616 434 1666 star
476 1620 765 1668 munimenti
800 1634 953 1669 erant.
994 1618 1163 1686 Itaque
1194 1637 1342 1687 quum
1371 1618 1539 1684 aperta
1573 1618 1625 1666 vi

340 1704 515 1753 parum
551 1687 841 1754 procederet
870 1687 1052 1737 consuli
1086 1704 1159 1736 res
1181 1724 1196 1747 ‚
1229 1687 1501 1737 cuniculum
1537 1703 1629 1735 oc-

344 1755 528 1805 cultum
549 1794 564 1816 ,
591 1758 746 1806 vineis
784 1756 895 1805 ante
922 1755 1147 1806 contecto
1178 1756 1293 1805 loco
1317 1793 1333 1815 ‚
1372 1772 1516 1822 agere
1551 1756 1628 1802 in·-

132 1825 329 1872 cuniculo
345 1821 508 1874 stituit.
546 1822 607 1873 Et
645 1824 938 1891 aliquamdiu
971 1863 986 1885 ‚
1036 1841 1183 1891 quum
1225 1824 1328 1873 dies
1364 1822 1628 1889 no&esque

133 1892 255 1934 Rom.
345 1894 395 1941 in
429 1901 589 1960 opere.
618 1891 766 1942 essent
792 1931 807 1954 ‚
838 1911 939 1943 non
971 1892 1122 1942 solum
1154 1890 1240 1941 sub
1278 1907 1404 1941 terra
1438 1891 1631 1940 fodien-

135 1951 309 2023 Ajnbra·
345 1974 418 2011 tes
452 1998 468 2021 ‚
516 1959 597 2011 sed
643 1975 898 2029 egerentes
943 1963 1088 2011 etiam
1126 1961 1326 2010 humum
1358 1999 1373 2021 ‚
1409 1959 1633 2010 fefellere

137 2029 238 2056 ‘¹²²⁷‘
251 2026 332 2054 ’Μ’
347 2027 554 2080 hostem.
586 2027 825 2080 Cumulus
857 2030 1060 2097 repente
1094 2045 1232 2079 terrae
1271 2031 1491 2079 eminens
1513 2067 1530 2087 ,
1556 2029 1636 2076 in-

137 2088 246 2122 “mt’
349 2099 444 2148 dex
479 2100 642 2164 operis
680 2098 936 2165 oppidanis
979 2097 1103 2158 fuit3
1139 2097 1398 2164 pavidique
1435 2114 1497 2146 ne
1533 2095 1635 2161 jam

349 2166 553 2217 subrutis
582 2168 727 2216 muris
755 2165 876 2216 facta
905 2169 953 2216 in
983 2167 1152 2215 urbem
1188 2168 1267 2214 via
1295 2164 1439 2226 esset,
1462 2163 1634 2216 foffam

351 2237 478 2285 intra
505 2251 695 2284 murum
732 2251 758 2284 e
787 2236 987 2303 regione
1023 2232 1125 2299 ejus
1159 2235 1322 2300 operis
1348 2273 1363 2294 ,
1395 2234 1528 2300 quod
1555 2234 1638 2284 vi-

355 2305 462 2353 neis
495 2302 770 2353 contectum
813 2317 950 2363 erat,
989 2304 1162 2353 ducere
1194 2301 1473 2363 instituunt;
1503 2299 1641 2367 cujus

355 2372 440 2437 ubi
469 2372 529 2420 ad
563 2385 744 2421 tantam
771 2371 1075 2421 altitudinem
1095 2409 1112 2432 ,
1133 2388 1324 2438 quantae
1356 2369 1449 2421 effe
1485 2370 1641 2420 solum

356 2439 580 2489 infimum
613 2441 818 2489 cuniculi
846 2456 1075 2507 poterat,
1109 2455 1472 2507 pervenerunt,
1500 2438 1643 2488 silen-

357 2511 430 2557 tio
462 2507 588 2557 facto
608 2546 621 2568 ,
639 2509 849 2575 pluribus
884 2509 1002 2558 locis
1032 2526 1145 2557 aure
1174 2505 1372 2557 admota
1394 2546 1408 2567 ‚
1431 2507 1641 2557 sonitum

359 2575 654 2625 fodientium
683 2577 957 2644 captabant.
991 2576 1160 2642 Quem
1192 2578 1274 2625 ubi
1313 2589 1601 2643 acceperunt
1625 2611 1643 2635 ‚

362 2646 586 2713 aperiunt
619 2645 797 2699 retiam
831 2647 882 2699 in
922 2646 1195 2698 cuniculum
1224 2648 1396 2711 viam3
1427 2661 1518 2698 nec
1554 2642 1644 2695 fuit
