1680 3052
369 127 489 206 '138
654 127 1357 189 Tr‘rrL-tvrt
1604 190 1624 194 ,v

167 227 482 286 U.c.555.¹²³⁵²
505 210 610 279 ipso
642 229 840 278 quoque
869 227 1104 279 regnante
1122 249 1136 271 ,
1158 211 1208 260 &
1229 209 1478 259 navalibus
1504 194 1633 262 bellis·

166 288 354 345 a,C.197,
368 278 599 328 adversus
631 280 856 329 Rhodios
891 279 1211 346 Attalumque
1234 315 1248 338 ‚
1277 278 1326 327 &
1348 277 1632 330 terrestribus

366 347 599 397 adversus
620 347 876 396 Romanos
906 348 1148 396 ceciderat
1171 364 1368 413 magnus
1388 364 1632 397 numerus:

366 416 434 464 ita
453 417 503 464 &
521 418 703 466 tirones
726 417 785 463 ab
809 416 983 465 decem
1008 416 1059 464 &
1077 415 1155 465 sex
1182 417 1315 463 annis
1343 415 1516 464 milites
1536 413 1634 464 scri·

364 483 514 532 bebat
535 521 553 542 ‚
588 484 641 532 ὃ(
674 486 886 532 emeritis
923 484 1118 550 quidam
1153 482 1399 549 stipendiis
1424 519 1440 544 ‚
1473 485 1635 549 quibus

365 551 522 601 modo
552 552 814 618 quidquam
842 551 1011 618 reliqui
1039 549 1228 601 roboris
1262 566 1364 601 erat
1386 589 1401 611 ‚
1427 551 1486 599 ad
1516 549 1634 618 signe

365 621 740 669 revocabantur.
763 619 835 668 Ita
863 619 1086 687 suppleto
1114 622 1326 670 exercitu
1347 657 1361 679 ‚
1385 619 1635 668 secundum

366 705 577 738 vernum
597 688 937 754 aequinoctium
966 705 1140 737 ornnes
1165 689 1329 755 copias
1346 686 1501 737 Dium
1524 705 1635 737 con·

365 758 510 806 traxit
530 794 543 816 ,
575 757 737 823 ibique
768 756 948 805 stativis
979 755 1143 824 positis
1164 794 1181 815 ,
1212 756 1490 806 exercendo
1517 774 1635 823 quo-

366 824 487 874 tidie
515 825 665 872 milite
686 862 702 884 ,
724 824 913 874 hostem
939 825 1304 891 opperiebatur.
1335 823 1396 873 Et
1418 824 1652 890 Quintiw

366 909 458 959 per
477 891 673 941 eosdem
696 891 849 943 ferme
872 894 973 942 dies
993 896 1053 941 ab
1073 892 1224 942 Elatia
1244 891 1485 958 profec‘tus
1499 927 1514 951 ,
1531 910 1636 958 prae

365 974 444 1009 ter
469 959 742 1009 Thronium
769 964 820 1010 ὃ(
841 961 1136 1027 Scarpheam
1157 999 1170 1019 ‚
1198 961 1258 1009 ad
1278 959 1636 1026 Thermopylas

364 1030 607 1095 pervenit.
646 1046 679 1090 4
722 1027 795 1078 Ibi
842 1030 1102 1079 concilium
1130 1029 1405 1078 AEtolorum
1437 1066 1453 1090 ,
1489 1029 1636 1078 Hera-

367 1097 522 1147 cleam
552 1097 781 1147 indictum
801 1136 815 1158 ‚
844 1100 1031 1159 tenuit,
1052 1095 1425 1147 consultantium
1459 1098 1637 1164 quantit

366 1167 551 1215 auxiliis
569 1165 850 1216 Romanum
879 1167 940 1215 ad
973 1167 1155 1216 bellum
1186 1165 1516 1232 sequerentur.
1539 1163 1638 1215 Co·

366 1236 510 1301 gnitis
533 1234 774 1285 sociorum
796 1236 998 1285 decretis
1022 1273 1035 1296 ‚
1055 1236 1202 1284 tertio
1229 1235 1304 1296 die
1328 1235 1386 1284 ab
1410 1233 1654 1283 Heraclea·

366 1302 558 1368 Xynias
581 1302 852 1373 progressus
868 1344 883 1367 ‚
902 1306 950 1354 in
980 1302 1194 1353 confinio
1215 1303 1476 1352 AEnianum
1496 1301 1639 1352 Thes-

365 1369 669 1441 salorumque
702 1372 866 1439 positis
899 1370 1055 1421 castris
1076 1409 1091 1433 ,
1116 1371 1325 1420 AEtolica
1355 1372 1526 1420 auxilia
1551 1389 1640 1437 op-

367 1441 661 1506 periebatur.
700 1440 831 1490 Nihil
875 1442 1050 1491 morati
1086 1439 1241 1488 AEtoli
1281 1439 1404 1488 sunt.
1444 1438 1643 1489 Phaenea

370 1507 493 1558 duce
513 1547 529 1570 ,
557 1509 656 1559 duo
685 1510 835 1558 millia
865 1510 1085 1576 peditum
1116 1525 1228 1556 cum
1257 1507 1499 1573 equitibus
1532 1525 1642 1575 qua·

370 1576 636 1645 dringentis
663 1591 922 1629 venerunt.
944 1576 1022 1627 Ne
1052 1576 1253 1625 dubium
1280 1573 1398 1625 esset
1423 1574 1537 1643 quid
1568 1591 1643 1625 ex·

167 1644 615 1725 Quintiusspe&3ffet
641 1683 660 1704 ,
711 1645 967 1696 confestim
1011 1643 1246 1710 Quintius
1290 1645 1447 1694 movit
1490 1641 1646 1709 castra·

163 1729 218 1768 ad
259 1727 358 1770 Plu·-
370 1712 683 1782 Transgreffo
731 1715 782 1763 in
821 1715 1148 1764 Phthioticum
1193 1729 1360 1779 agrum
1401 1712 1659 1781 quingentix

163 1789 314 1845 lippum
370 1781 610 1850 Gortynii
636 1780 941 1833 Cretensium
959 1820 974 1842 ,
997 1783 1120 1831 duce
1142 1779 1342 1847 Cydate
1359 1819 1374 1842 ‚
1402 1783 1452 1829 ὅ(
1492 1796 1514 1848 5
1553 1796 1646 1830 tre-

165 1865 326 1894 conten·
369 1853 502 1901 centi
533 1851 868 1918 Apolloniatae
902 1889 916 1912 ‚
964 1849 1092 1900 haud
1131 1848 1305 1915 dispari
1339 1863 1522 1897 armatu
1550 1886 1564 1908 ‚
1602 1846 1630 1896 s

162 1912 242 1956 di‘·
368 1918 818 1984 conjunxereznec
866 1922 932 1969 ita
975 1917 1129 1968 multo
1179 1915 1287 1983 post
1324 1916 1660 1984 Amynander·

369 2006 480 2037 cum
509 1988 842 2037 Athamanum
872 1987 1095 2055 peditum
1124 1985 1342 2034 ducentis
1376 1986 1429 2034 &
1465 1985 1618 2034 mille.

435 2055 525 2106 IV.
549 2056 797 2123 Philippus
822 2094 836 2116 ,
860 2056 1053 2125 cognita
1085 2053 1388 2121 profec'fione
1414 2054 1474 2102 ab
1501 2052 1645 2114 Elati¹

365 2123 741 2185 Romanorum,
770 2138 822 2173 ut
853 2127 929 2173 cui
967 2125 1028 2173 de
1060 2122 1244 2172 summa
1279 2139 1439 2171 rerum
1472 2120 1659 2171 adeffev

366 2208 613 2242 certamen
646 2231 660 2254 ,
702 2193 1032 2243 adhortandos
1075 2192 1253 2241 milites
1292 2204 1420 2239 ratus
1450 2227 1465 2250 ‚
1500 2190 1664 2240 multa·

363 2258 463 2328 jam
501 2260 626 2327 saepe
666 2278 939 2312 memorata
977 2261 1038 2311 de
1075 2259 1319 2324 majorum
1354 2259 1648 2318 virtutibus,

366 2327 502 2379 fimul
535 2329 596 2379 de
627 2330 818 2378 militari
847 2331 988 2381 laude
1015 2327 1348 2378 Macedonum
1376 2343 1524 2394 quum
1552 2324 1651 2376 dis-

427 2447 456 2484 4
480 2432 543 2474 Ibi
569 2433 778 2474 concilium
803 2432 976 2474 AEtolo-
1038 2434 1140 2473 baud
1156 2428 1304 2487 dispari
1322 2430 1518 2483 armatu]
1535 2428 1655 2471 Levi·

365 2510 448 2536 rum
468 2523 480 2534 .
497 2525 510 2536 .
534 2523 545 2535 .
589 2495 766 2549 tenuia]
822 2495 976 2535 Tenuit
1039 2505 1103 2535 ter
1129 2493 1269 2536 armati
1298 2493 1443 2533 eodem
1471 2491 1558 2532 fere
1587 2505 1651 2532 ar-

365 2556 577 2608 Quintium
597 2585 610 2602 ‚
643 2570 795 2598 moram
834 2556 873 2597 ei
904 2557 979 2597 ali·
1040 2570 1195 2596 morum
1225 2567 1377 2612 genere
1400 2581 1412 2600 ,
1446 2567 1527 2607 quo
1549 2552 1650 2592 Cre-

367 2632 485 2673 quarn
503 2619 656 2659 attulit.
1040 2618 1175 2659 tenses
1214 2617 1281 2673 qui
1307 2613 1429 2658 mod&
1459 2610 1652 2671 appellati

431 2692 451 2735 5
476 2679 658 2722 Trecenti
672 2678 947 2737 Apolloniatae
962 2706 975 2729 ,
1042 2679 1153 2721 sunt.
