1680 3052
322 87 434 167 558
599 84 1311 150 TV1T1L1v11

114 172 464 231 U.c‡564.vicis,
501 169 696 236 castellis
727 173 793 220 cis
827 174 1028 220 Taurum
1061 188 1285 230 montem,
1318 186 1348 236 9
1377 171 1513 240 usque
1539 172 1606 224 ad

115 234 516 287 marsanam-m
549 236 721 287 amnem
744 277 760 299 ‚
798 240 841 288 θ’
870 258 900 285 a
929 240 1055 286 valle
1079 242 1221 288 Tauri
1251 241 1385 305 usque
1410 241 1603 309 adjuga

315 307 409 371 qud
439 308 488 354 in
520 303 810 372 Lycaoniam
856 308 1017 372 vergit.
1049 310 1126 355 Ne
1167 326 1260 373 qua
1289 327 1418 357 arma
1452 310 1604 376 efferto

319 391 378 421 ex
407 375 467 423 iis
497 376 706 441 oppidis,
741 375 865 437 agris
884 410 898 434 ‚
933 375 1244 440 castellisque,
1276 378 1440 442 quibus
1475 397 1607 427 exce-

321 443 443 501 dat;
473 445 522 507 si
552 461 643 507 qua
673 442 870 499 extulit,
904 461 1002 506 quae
1036 444 1209 508 quoque
1232 446 1452 510 oportebit
1488 463 1506 495 1
1534 465 1608 494 re·-

321 511 382 559 ἑῖὲ
419 512 648 576 restituito.
684 512 761 558 Ne
795 511 984 558 militem
1018 548 1035 569 ‚
1072 529 1165 560 ‘neu
1197 531 1323 577 quem
1370 513 1515 560 alium
1547 530 1610 561 ex

315 597 449 645 regno
483 578 710 626 Eumenis
739 579 942 644 recipito.
970 580 1025 627 Si
1057 581 1136 644 qui
1166 599 1315 628 earum
1342 582 1516 628 urbium
1539 582 1617 629 σι’-ἑ

315 659 397 695 ves
431 662 527 710 quae
576 665 708 713 regno
741 647 1020 712 abscedunt,
1055 665 1154 695 cum
1205 667 1300 715 rege
1335 650 1569 699 Antiocho
1591 685 1607 708 ,

315 715 528 779 intraque
550 715 672 779 fines
701 712 801 779 ejus
840 716 962 782 regni
988 714 1132 781 sunt,
1161 718 1421 782 Apameam
1457 735 1612 767 omnes

318 797 428 831 ante
455 783 571 831 diem
598 798 762 832 certam
797 785 982 832 redeant
1001 801 1023 842 ;
1064 785 1142 849 qui
1172 802 1228 832 ex
1268 805 1400 852 regno
1432 787 1610 835 Antio-

317 853 392 898 clzi
417 853 547 916 apud
566 855 801 901 Romanos
817 850 1053 916 sociosque
1068 854 1179 915 sunt
1197 891 1212 912 ,
1231 853 1287 901 iis
1304 854 1386 917 jus
1409 855 1614 901 abeundi

317 922 620 985 manendique
649 920 749 985 esto.
785 923 953 968 Servos
974 919 1355 987 ,seufitgitivos‚
1378 922 1461 985 seu
1492 923 1611 970 bello

317 1002 484 1052 captos
504 1025 518 1048 ‚
551 988 635 1050 seu
664 989 742 1053 qui
776 988 889 1035 liber
918 1005 1082 1054 captus
1120 1006 1200 1037 aut
1235 1006 1361 1038 trans
1387 1008 1472 1056 aga
1494 991 1578 1036 erit
1596 1027 1615 1050 ‚

316 1056 499 1105 reddito
523 1055 1000 1121 Romanissociisque.
1027 1057 1310 1123 Elephantos
1329 1060 1497 1106 tradito
1517 1075 1618 1106 om-

323 1142 436 1184 nes,
475 1143 614 1190 neque
651 1125 773 1173 alios
810 1140 998 1190 parato.
1037 1128 1226 1175 Tradito
1266 1127 1313 1174 6³
1342 1145 1484 1175 naves
1515 1127 1621 1174 lon-

323 1211 411 1259 gas
444 1209 813 1258 armamentaque
857 1211 1007 1241 earum
1037 1213 1052 1242 .·
1085 1211 1112 1242 2
1146 1213 1256 1244 neve
1293 1197 1450 1262 plures
1485 1195 1621 1259 quam

323 1263 476 1308 decem
513 1280 655 1311 naves
696 1263 925 1309 aHuarias
959 1260 1131 1329 (nulla
1159 1263 1401 1329 plusquam
1430 1264 1620 1330 triginta

322 1330 459 1386 remis
495 1328 699 1398 agatur)
742 1330 903 1379 habeto
946 1349 959 1379 ε
1001 1350 1111 1381 neve
1146 1349 1363 1381 monerem
1400 1351 1457 1380 ex
1509 1332 1622 1380 belli

321 1397 492 1461 causa,
527 1401 650 1464 quod
689 1399 780 1464 ipse
812 1399 1032 1447 illaturus
1067 1401 1167 1449 erit.
1211 1403 1344 1450 ,Neve
1388 1401 1610 1467 navigato

325 1468 443 1515 citra
487 1467 805 1532 Calycadnum
825 1504 844 1525 ‚
874 1487 984 1517 neve
1018 1470 1324 1533 Sarpedonem
1348 1506 1365 1527 ,
1407 1487 1623 1535 promon-

325 1537 448 1585 toria
479 1555 491 1585 .·
528 1551 660 1585 extra
694 1537 829 1601 qua'm
849 1537 928 1601 ‚fi
955 1555 1044 1601 qua
1065 1537 1200 1585 navis
1232 1539 1475 1604 pecuniam
1495 1575 1512 1596 ,
1536 1539 1626 1602 sti·

319 1605 542 1672 pendium
565 1642 580 1665 ‚
615 1621 698 1653 aut
718 1606 891 1671 legatos
912 1641 926 1663 ‚
959 1621 1039 1654 aut
1057 1606 1227 1669 obfides
1252 1607 1472 1671 portabit.
1507 1604 1622 1655 Mi-

329 1674 439 1723 lites
466 1675 665 1723 mercede
697 1674 983 1723 conducendi
1006 1692 1065 1722 ex
1082 1675 1140 1722 iis
1164 1675 1399 1742 gentibus,
1425 1691 1520 1739 quae
1530 1672 1623 1739 sub

392 1789 419 1830 9
446 1775 576 1832 Usque
606 1779 659 1817 ad
683 1776 849 1818 Tanaim
869 1793 946 1818 am·

330 1855 431 1883 nem.
453 1840 471 1893 ]
504 1838 587 1880 [mo
617 1838 774 1894 Halyn.
799 1840 947 1881 Tanais

331 1904 480 1959 procul
525 1904 572 1942 ab
610 1901 670 1943 his
714 1902 948 1958 regionibus

331 1964 456 2008 abest.

401 2039 418 2068 1
445 2024 560 2067 Rea&
575 2024 784 2075 restituito.
804 2028 822 2081 ]
844 2027 945 2070 Vid.

331 2099 424 2133 not,
453 2102 478 2130 2
507 2117 518 2136 ,
555 2090 605 2130 ad
625 2088 847 2137 XXXIV,
876 2101 947 2141 35.

399 2165 425 2193 2
448 2151 563 2192 Neve
589 2151 722 2206 plures
749 2153 860 2205 quam
886 2152 949 2190 de-

334 2229 417 2256 cem
435 2228 552 2254 naves
573 2213 780 2255 acharias.
800 2214 818 2267 ]
850 2213 949 2254 Haec

334 2277 501 2319 videtur
527 2275 603 2316 effe
625 2275 743 2328 hujus
763 2276 842 2317 loci
865 2276 949 2315 sen·

336 2339 483 2379 tentia.
507 2339 724 2379 Monerem
751 2337 950 2393 distinguit

337 2400 479 2441 Livius
496 2415 515 2440 a
534 2415 635 2441 nave
652 2400 838 2442 aftuaria.
859 2400 951 2440 Mo·

338 2476 481 2502 nerem
518 2462 654 2516 itaque
691 2462 954 2517 intelligimus

339 2537 484 2564 navem
501 2525 660 2579 longam
682 2525 851 2566 minimae
869 2525 953 2564 for-

341 2599 450 2631 mae,
489 2597 531 2626 ut
567 2602 653 2641 quae
686 2602 768 2629 uno
813 2587 953 2626 ordine

341 2660 546 2691 remorum
577 2660 717 2706 agatur
751 2663 763 2694 ε
793 2648 860 2691 sed
896 2658 954 2688 ta·

1011 1793 1102 1819 men
1148 1778 1334 1817 altiorem
1367 1776 1409 1816 &
1444 1776 1626 1817 validio-

1010 1854 1095 1881 rem
1124 1837 1296 1879 afflari&
1316 1866 1329 1886 ,
1367 1853 1454 1892 quae
1483 1849 1625 1890 aperta

1011 1912 1114 1943 erat.
1139 1901 1313 1943 Jubetur
1346 1914 1444 1954 ergo
1474 1899 1626 1953 Antiq-

1014 1965 1111 2006 chus
1139 1963 1302 2004 tradere
1331 1975 1453 2002 naves
1483 1976 1627 2003 omnes

1011 2028 1174 2080 longas,
1196 2038 1292 2080 quas
1316 2025 1628 2078 tunc‘temporis

1011 2089 1177 2129 habeat.
1231 2086 1526 2127 conceduntur
1585 2086 1627 2127 ei

1013 2151 1155 2191 decem
1184 2148 1369 2189 ae'mariae
1402 2162 1525 2188 naves
1557 2162 1628 2202 pa-

1015 2227 1103 2253 cem
1134 2211 1284 2267 agenti.
1308 2211 1351 2251 Si
1379 2211 1527 2250 bellum
1545 2210 1630 2264 ipse

1013 2275 1187 2322 inferat,
1211 2274 1335 2314 nihilo
1355 2273 1443 2325 plus
1462 2272 1631 2314 navium

1013 2338 1166 2377 habere
1209 2335 1247 2376 ei
1287 2335 1544 2389 permittitur.
1583 2332 1629 2376 Si

1015 2400 1132 2440 bello‘
1160 2397 1370 2439 lacessatur
1397 2425 1409 2445 ,
1450 2397 1557 2446 licet>
1589 2394 1633 2437 ei

1017 2475 1142 2502 naves
1178 2461 1318 2515 longas
1351 2473 1522 2514 parare,
1560 2458 1636 2499 sed

1017 2537 1207 2564 moneres
1224 2552 1234 2571 ,
1253 2536 1329 2562 nec
1351 2520 1538 2564 definitur
1564 2534 1636 2567 eae»

1018 2600 1105 2628 rum
1136 2599 1345 2628 numerus.
