<?xml version="1.0" encoding="UTF-8"?>
<!DOCTYPE html PUBLIC "-//W3C//DTD XHTML 1.0 Transitional//EN"
    "http://www.w3.org/TR/xhtml1/DTD/xhtml1-transitional.dtd">
<html xmlns="http://www.w3.org/1999/xhtml" xml:lang="en" lang="en">
 <head>
  <title>
</title>
<meta http-equiv="Content-Type" content="text/html;charset=utf-8" />
  <meta name='ocr-system' content='tesseract 3.04.00' />
  <meta name='ocr-capabilities' content='ocr_page ocr_carea ocr_par ocr_line ocrx_word'/>
</head>
<body>
  <div class='ocr_page' id='page_1' title='image "./tliviipatavinihi0301livy_0564.png"; bbox 0 0 1680 3052; ppageno 0'>
   <div class='ocr_carea' id='block_1_1' title="bbox 316 99 1294 182">
    <p class='ocr_par' dir='ltr' id='par_1_1' title="bbox 316 99 1294 182">
     <span class='ocr_line' id='line_1_1' title="bbox 316 99 1294 182; baseline 0.001 -22"><span class='ocrx_word' id='word_1_1' title='bbox 316 99 431 182; x_wconf 71' lang='lat'>560</span> <span class='ocrx_word' id='word_1_2' title='bbox 592 100 1294 163; x_wconf 78' lang='lat' dir='ltr'>T-1T1L1vl1</span> 
     </span>
    </p>
   </div>
   <div class='ocr_carea' id='block_1_2' title="bbox 109 184 1653 1137">
    <p class='ocr_par' dir='ltr' id='par_1_2' title="bbox 109 184 1600 391">
     <span class='ocr_line' id='line_1_2' title="bbox 109 184 1596 262; baseline 0.005 -30"><span class='ocrx_word' id='word_1_3' title='bbox 109 210 286 262; x_wconf 73' lang='lat' dir='ltr'>U.c.56.1</span> <span class='ocrx_word' id='word_1_4' title='bbox 309 198 507 232; x_wconf 82' lang='lat' dir='ltr'>trecenta</span> <span class='ocrx_word' id='word_1_5' title='bbox 538 186 874 254; x_wconf 80' lang='lat' dir='ltr'><em>quinquaginta</em></span> <span class='ocrx_word' id='word_1_6' title='bbox 907 187 1026 235; x_wconf 84' lang='lat' dir='ltr'>intra</span> <span class='ocrx_word' id='word_1_7' title='bbox 1058 184 1411 251; x_wconf 80' lang='lat' dir='ltr'><em>quinquennium</em></span> <span class='ocrx_word' id='word_1_8' title='bbox 1452 189 1596 240; x_wconf 59' lang='lat' dir='ltr'>dato}</span> 
     </span>
     <span class='ocr_line' id='line_1_3' title="bbox 109 250 1596 319; baseline 0.005 -20"><span class='ocrx_word' id='word_1_9' title='bbox 109 251 357 310; x_wconf 47' lang='lat'>35:³35&amp;</span> <span class='ocrx_word' id='word_1_10' title='bbox 380 270 470 317; x_wconf 72' lang='lat' dir='ltr'>prov</span> <span class='ocrx_word' id='word_1_11' title='bbox 481 250 712 316; x_wconf 79' lang='lat' dir='ltr'>frumento</span> <span class='ocrx_word' id='word_1_12' title='bbox 747 254 778 303; x_wconf 87' lang='lat'><em>6</em></span> <span class='ocrx_word' id='word_1_13' title='bbox 812 257 934 319; x_wconf 83' lang='lat' dir='ltr'>quod</span> <span class='ocrx_word' id='word_1_14' title='bbox 962 255 1245 317; x_wconf 62' lang='lat' dir='ltr'>aestimatione</span> <span class='ocrx_word' id='word_1_15' title='bbox 1264 255 1388 316; x_wconf 83' lang='lat' dir='ltr'><em>fiat,</em></span> <span class='ocrx_word' id='word_1_16' title='bbox 1421 258 1596 306; x_wconf 81' lang='lat' dir='ltr'>talenta</span> 
     </span>
     <span class='ocr_line' id='line_1_4' title="bbox 311 322 1600 391; baseline 0.005 -23"><span class='ocrx_word' id='word_1_17' title='bbox 311 335 488 368; x_wconf 81' lang='lat' dir='ltr'>centum</span> <span class='ocrx_word' id='word_1_18' title='bbox 524 322 689 387; x_wconf 79' lang='lat' dir='ltr'>viginti</span> <span class='ocrx_word' id='word_1_19' title='bbox 716 323 903 388; x_wconf 70' lang='lat' dir='ltr'>fiptern.</span> <span class='ocrx_word' id='word_1_20' title='bbox 937 323 1125 386; x_wconf 82' lang='lat' dir='ltr'><em>Obsides</em></span> <span class='ocrx_word' id='word_1_21' title='bbox 1163 324 1389 370; x_wconf 75' lang='lat' dir='ltr'>Romanis</span> <span class='ocrx_word' id='word_1_22' title='bbox 1435 324 1600 391; x_wconf 80' lang='lat' dir='ltr'>viginti</span> 
     </span>
    </p>

    <p class='ocr_par' dir='ltr' id='par_1_3' title="bbox 313 389 1599 448">
     <span class='ocr_line' id='line_1_5' title="bbox 313 389 1599 448; baseline 0.005 -13"><span class='ocrx_word' id='word_1_23' title='bbox 313 389 457 448; x_wconf 74' lang='lat' dir='ltr'>dato,</span> <span class='ocrx_word' id='word_1_24' title='bbox 491 389 536 439; x_wconf 60' lang='grc' dir='ltr'>δ’</span> <span class='ocrx_word' id='word_1_25' title='bbox 571 391 765 438; x_wconf 84' lang='lat' dir='ltr'>triennio</span> <span class='ocrx_word' id='word_1_26' title='bbox 811 404 984 437; x_wconf 83' lang='lat' dir='ltr'>mutato</span> <span class='ocrx_word' id='word_1_27' title='bbox 1013 426 1030 448; x_wconf 84' lang='lat'>,</span> <span class='ocrx_word' id='word_1_28' title='bbox 1079 408 1133 438; x_wconf 83' lang='lat' dir='ltr'>ne</span> <span class='ocrx_word' id='word_1_29' title='bbox 1168 389 1363 438; x_wconf 81' lang='lat' dir='ltr'>minores</span> <span class='ocrx_word' id='word_1_30' title='bbox 1401 394 1599 441; x_wconf 59' lang='lat' dir='ltr'>otlomim</span> 
     </span>
    </p>

    <p class='ocr_par' dir='ltr' id='par_1_4' title="bbox 312 455 1596 524">
     <span class='ocr_line' id='line_1_6' title="bbox 312 455 1596 524; baseline 0.003 -21"><span class='ocrx_word' id='word_1_31' title='bbox 312 457 475 504; x_wconf 66' lang='lat' dir='ltr'>denum</span> <span class='ocrx_word' id='word_1_32' title='bbox 498 474 717 505; x_wconf 86' lang='lat' dir='ltr'>annorum</span> <span class='ocrx_word' id='word_1_33' title='bbox 735 495 750 517; x_wconf 86' lang='lat'>‚</span> <span class='ocrx_word' id='word_1_34' title='bbox 786 476 871 505; x_wconf 84' lang='lat' dir='ltr'>neu</span> <span class='ocrx_word' id='word_1_35' title='bbox 904 455 1097 521; x_wconf 74' lang='lat' dir='ltr'>majores</span> <span class='ocrx_word' id='word_1_36' title='bbox 1125 457 1308 521; x_wconf 69' lang='lat' dir='ltr'>quinum</span> <span class='ocrx_word' id='word_1_37' title='bbox 1337 458 1596 524; x_wconf 73' lang='lat' dir='ltr'>quadrage·-</span> 
     </span>
    </p>

    <p class='ocr_par' dir='ltr' id='par_1_5' title="bbox 241 523 1653 660">
     <span class='ocr_line' id='line_1_7' title="bbox 241 523 1653 591; baseline -0.001 -18"><span class='ocrx_word' id='word_1_38' title='bbox 241 538 246 544; x_wconf 84' lang='lat'>&#39;</span> <span class='ocrx_word' id='word_1_39' title='bbox 311 524 434 573; x_wconf 67' lang='lat' dir='ltr'>mim.</span> <span class='ocrx_word' id='word_1_40' title='bbox 470 527 524 574; x_wconf 84' lang='lat' dir='ltr'>Si</span> <span class='ocrx_word' id='word_1_41' title='bbox 567 526 646 590; x_wconf 83' lang='lat' dir='ltr'>qui</span> <span class='ocrx_word' id='word_1_42' title='bbox 662 523 893 584; x_wconf 78' lang='lat' dir='ltr'>sbciorum</span> <span class='ocrx_word' id='word_1_43' title='bbox 919 526 1086 591; x_wconf 86' lang='lat' dir='ltr'>populi</span> <span class='ocrx_word' id='word_1_44' title='bbox 1119 527 1320 573; x_wconf 79' lang='lat' dir='ltr'>Romani</span> <span class='ocrx_word' id='word_1_45' title='bbox 1358 527 1475 574; x_wconf 84' lang='lat' dir='ltr'>ultro</span> <span class='ocrx_word' id='word_1_46' title='bbox 1505 527 1604 576; x_wconf 82' lang='lat' dir='ltr'><em>bel·</em></span> <span class='ocrx_word' id='word_1_47' title='bbox 1650 562 1653 571; x_wconf 72' lang='grc'><strong><em>,</em></strong></span> 
     </span>
     <span class='ocr_line' id='line_1_8' title="bbox 313 591 1601 660; baseline 0 -18"><span class='ocrx_word' id='word_1_48' title='bbox 313 594 408 642; x_wconf 88' lang='lat' dir='ltr'>lum</span> <span class='ocrx_word' id='word_1_49' title='bbox 436 591 629 657; x_wconf 84' lang='lat' dir='ltr'>inferent</span> <span class='ocrx_word' id='word_1_50' title='bbox 662 594 897 642; x_wconf 72' lang='lat' dir='ltr'>Antiocho</span> <span class='ocrx_word' id='word_1_51' title='bbox 915 630 931 652; x_wconf 83' lang='lat'>‚</span> <span class='ocrx_word' id='word_1_52' title='bbox 969 595 1059 641; x_wconf 76' lang='lat' dir='ltr'>vim</span> <span class='ocrx_word' id='word_1_53' title='bbox 1089 594 1137 641; x_wconf 77' lang='lat' dir='ltr'>vi</span> <span class='ocrx_word' id='word_1_54' title='bbox 1160 595 1347 641; x_wconf 85' lang='lat' dir='ltr'>arcendi</span> <span class='ocrx_word' id='word_1_55' title='bbox 1365 592 1449 658; x_wconf 89' lang='lat' dir='ltr'>jus</span> <span class='ocrx_word' id='word_1_56' title='bbox 1484 595 1564 660; x_wconf 83' lang='lat' dir='ltr'>esto</span> <span class='ocrx_word' id='word_1_57' title='bbox 1584 614 1601 645; x_wconf 75' lang='grc' dir='ltr'><em>τ</em></span> 
     </span>
    </p>

    <p class='ocr_par' dir='ltr' id='par_1_6' title="bbox 306 658 1605 863">
     <span class='ocr_line' id='line_1_9' title="bbox 312 658 1605 725; baseline 0.003 -17"><span class='ocrx_word' id='word_1_58' title='bbox 312 662 419 708; x_wconf 81' lang='lat' dir='ltr'>dum</span> <span class='ocrx_word' id='word_1_59' title='bbox 454 679 507 708; x_wconf 85' lang='lat' dir='ltr'>ne</span> <span class='ocrx_word' id='word_1_60' title='bbox 541 678 675 725; x_wconf 79' lang='lat' dir='ltr'><em>quam</em></span> <span class='ocrx_word' id='word_1_61' title='bbox 709 663 857 710; x_wconf 82' lang='lat' dir='ltr'>urbem</span> <span class='ocrx_word' id='word_1_62' title='bbox 883 676 964 708; x_wconf 80' lang='lat' dir='ltr'>aut</span> <span class='ocrx_word' id='word_1_63' title='bbox 983 661 1091 708; x_wconf 80' lang='lat' dir='ltr'><em>belli</em></span> <span class='ocrx_word' id='word_1_64' title='bbox 1113 658 1218 725; x_wconf 85' lang='lat' dir='ltr'>jure</span> <span class='ocrx_word' id='word_1_65' title='bbox 1248 677 1396 710; x_wconf 79' lang='lat' dir='ltr'>teneat</span> <span class='ocrx_word' id='word_1_66' title='bbox 1414 700 1428 722; x_wconf 83' lang='lat'>‚</span> <span class='ocrx_word' id='word_1_67' title='bbox 1453 679 1533 710; x_wconf 79' lang='lat' dir='ltr'>aut</span> <span class='ocrx_word' id='word_1_68' title='bbox 1554 665 1605 712; x_wconf 85' lang='lat' dir='ltr'>in</span> 
     </span>
     <span class='ocr_line' id='line_1_10' title="bbox 314 727 1602 797; baseline 0.004 -22"><span class='ocrx_word' id='word_1_69' title='bbox 314 727 568 776; x_wconf 82' lang='lat' dir='ltr'><em>amicitiam</em></span> <span class='ocrx_word' id='word_1_70' title='bbox 601 731 822 797; x_wconf 81' lang='lat' dir='ltr'>accipiat.</span> <span class='ocrx_word' id='word_1_71' title='bbox 860 730 1196 793; x_wconf 75' lang='lat' dir='ltr'>Controverfias</span> <span class='ocrx_word' id='word_1_72' title='bbox 1232 729 1524 794; x_wconf 71' lang='lat' dir='ltr'>interftjure</span> <span class='ocrx_word' id='word_1_73' title='bbox 1547 749 1602 780; x_wconf 83' lang='lat' dir='ltr'>ac</span> 
     </span>
     <span class='ocr_line' id='line_1_11' title="bbox 306 796 1604 863; baseline 0.002 -20"><span class='ocrx_word' id='word_1_74' title='bbox 306 796 491 862; x_wconf 77' lang='lat' dir='ltr'>judicio</span> <span class='ocrx_word' id='word_1_75' title='bbox 537 797 817 863; x_wconf 69' lang='lat' dir='ltr'>disceptante</span> <span class='ocrx_word' id='word_1_76' title='bbox 847 816 867 857; x_wconf 85' lang='lat'>,·</span> <span class='ocrx_word' id='word_1_77' title='bbox 906 813 1021 857; x_wconf 76' lang='lat' dir='ltr'>aut,</span> <span class='ocrx_word' id='word_1_78' title='bbox 1047 799 1096 860; x_wconf 82' lang='lat' dir='ltr'><em>fi</em></span> <span class='ocrx_word' id='word_1_79' title='bbox 1138 798 1330 861; x_wconf 77' lang='lat' dir='ltr'>utrisque</span> <span class='ocrx_word' id='word_1_80' title='bbox 1368 799 1604 862; x_wconf 70' lang='lat' dir='ltr'>placebit,</span> 
     </span>
    </p>

    <p class='ocr_par' dir='ltr' id='par_1_7' title="bbox 314 863 1605 928">
     <span class='ocr_line' id='line_1_12' title="bbox 314 863 1605 928; baseline 0.003 -17"><span class='ocrx_word' id='word_1_81' title='bbox 314 865 454 913; x_wconf 82' lang='lat' dir='ltr'><em>bello.</em></span> <span class='ocrx_word' id='word_1_82' title='bbox 483 863 565 913; x_wconf 85' lang='lat' dir='ltr'>De</span> <span class='ocrx_word' id='word_1_83' title='bbox 589 865 834 915; x_wconf 78' lang='lat' dir='ltr'>Annibale</span> <span class='ocrx_word' id='word_1_84' title='bbox 858 864 1014 914; x_wconf 89' lang='lat' dir='ltr'>Poeno</span> <span class='ocrx_word' id='word_1_85' title='bbox 1035 902 1049 924; x_wconf 83' lang='grc'><strong>,</strong></span> <span class='ocrx_word' id='word_1_86' title='bbox 1074 865 1126 913; x_wconf 86' lang='lat'>&amp;</span> <span class='ocrx_word' id='word_1_87' title='bbox 1149 865 1317 913; x_wconf 86' lang='lat' dir='ltr'>AEtolo</span> <span class='ocrx_word' id='word_1_88' title='bbox 1339 864 1570 915; x_wconf 81' lang='lat' dir='ltr'>Thoante</span> <span class='ocrx_word' id='word_1_89' title='bbox 1589 905 1605 928; x_wconf 87' lang='lat'><strong>,</strong></span> 
     </span>
    </p>

    <p class='ocr_par' dir='ltr' id='par_1_8' title="bbox 310 931 1607 992">
     <span class='ocr_line' id='line_1_13' title="bbox 310 931 1607 992; baseline 0.003 -13"><span class='ocrx_word' id='word_1_90' title='bbox 310 932 366 979; x_wconf 70' lang='grc' dir='ltr'>ὃ(</span> <span class='ocrx_word' id='word_1_91' title='bbox 391 931 695 982; x_wconf 75' lang='lat' dir='ltr'>Mnasilocho</span> <span class='ocrx_word' id='word_1_92' title='bbox 715 934 972 982; x_wconf 76' lang='lat' dir='ltr'>Acarnane</span> <span class='ocrx_word' id='word_1_93' title='bbox 990 971 1004 992; x_wconf 83' lang='lat'><em>‚</em></span> <span class='ocrx_word' id='word_1_94' title='bbox 1025 933 1076 981; x_wconf 67' lang='grc' dir='ltr'>ὃ(</span> <span class='ocrx_word' id='word_1_95' title='bbox 1098 932 1490 982; x_wconf 80' lang='lat' dir='ltr'>Chalcidensibus</span> <span class='ocrx_word' id='word_1_96' title='bbox 1508 932 1607 983; x_wconf 87' lang='lat' dir='ltr'>Eu-</span> 
     </span>
    </p>

    <p class='ocr_par' dir='ltr' id='par_1_9' title="bbox 312 999 1607 1137">
     <span class='ocr_line' id='line_1_14' title="bbox 312 999 1605 1068; baseline 0.004 -21"><span class='ocrx_word' id='word_1_97' title='bbox 312 999 482 1049; x_wconf 82' lang='lat' dir='ltr'>bulida</span> <span class='ocrx_word' id='word_1_98' title='bbox 517 1002 569 1050; x_wconf 84' lang='lat'>&amp;</span> <span class='ocrx_word' id='word_1_99' title='bbox 598 1000 801 1052; x_wconf 84' lang='lat' dir='ltr'>Philone</span> <span class='ocrx_word' id='word_1_100' title='bbox 822 1040 837 1062; x_wconf 87' lang='lat'><strong>,</strong></span> <span class='ocrx_word' id='word_1_101' title='bbox 874 1000 1106 1050; x_wconf 82' lang='lat' dir='ltr'>dedendis</span> <span class='ocrx_word' id='word_1_102' title='bbox 1138 1038 1153 1062; x_wconf 76' lang='lat'>,</span> <span class='ocrx_word' id='word_1_103' title='bbox 1203 1004 1250 1049; x_wconf 88' lang='lat' dir='ltr'>in</span> <span class='ocrx_word' id='word_1_104' title='bbox 1283 1002 1376 1049; x_wconf 89' lang='lat' dir='ltr'>hoc</span> <span class='ocrx_word' id='word_1_105' title='bbox 1409 1019 1605 1068; x_wconf 83' lang='lat' dir='ltr'>quoque</span> 
     </span>
     <span class='ocr_line' id='line_1_15' title="bbox 316 1067 1607 1137; baseline 0.003 -21"><span class='ocrx_word' id='word_1_106' title='bbox 316 1067 508 1118; x_wconf 82' lang='lat' dir='ltr'>foedere</span> <span class='ocrx_word' id='word_1_107' title='bbox 543 1068 833 1137; x_wconf 80' lang='lat' dir='ltr'>adscriptum</span> <span class='ocrx_word' id='word_1_108' title='bbox 877 1067 946 1119; x_wconf 89' lang='lat' dir='ltr'>est</span> <span class='ocrx_word' id='word_1_109' title='bbox 973 1088 984 1118; x_wconf 78' lang='lat' dir='ltr'><strong><em>z</em></strong></span> <span class='ocrx_word' id='word_1_110' title='bbox 1025 1071 1077 1118; x_wconf 85' lang='lat'>&amp;</span> <span class='ocrx_word' id='word_1_111' title='bbox 1114 1083 1197 1129; x_wconf 82' lang='lat' dir='ltr'>ut,</span> <span class='ocrx_word' id='word_1_112' title='bbox 1228 1068 1263 1118; x_wconf 87' lang='lat' dir='ltr'>s1</span> <span class='ocrx_word' id='word_1_113' title='bbox 1296 1069 1411 1135; x_wconf 88' lang='lat' dir='ltr'>quid</span> <span class='ocrx_word' id='word_1_114' title='bbox 1439 1070 1607 1136; x_wconf 50' lang='lat' dir='ltr'>posted</span> 
     </span>
    </p>
   </div>
   <div class='ocr_carea' id='block_1_3' title="bbox 316 1136 1603 1258">
    <p class='ocr_par' dir='ltr' id='par_1_10' title="bbox 316 1136 1603 1258">
     <span class='ocr_line' id='line_1_16' title="bbox 316 1136 1603 1204; baseline 0.003 -19"><span class='ocrx_word' id='word_1_115' title='bbox 316 1137 462 1197; x_wconf 76' lang='lat' dir='ltr'>addi,</span> <span class='ocrx_word' id='word_1_116' title='bbox 492 1138 660 1198; x_wconf 82' lang='lat' dir='ltr'>demi,</span> <span class='ocrx_word' id='word_1_117' title='bbox 703 1140 939 1190; x_wconf 75' lang='lat' dir='ltr'>mutarive</span> <span class='ocrx_word' id='word_1_118' title='bbox 980 1136 1229 1204; x_wconf 64' lang='lat' dir='ltr'>placuiss&#39;et</span> <span class='ocrx_word' id='word_1_119' title='bbox 1251 1175 1266 1198; x_wconf 86' lang='lat'><strong>,</strong></span> <span class='ocrx_word' id='word_1_120' title='bbox 1299 1153 1352 1187; x_wconf 91' lang='lat' dir='ltr'>ut</span> <span class='ocrx_word' id='word_1_121' title='bbox 1388 1139 1437 1186; x_wconf 89' lang='lat' dir='ltr'>id</span> <span class='ocrx_word' id='word_1_122' title='bbox 1470 1138 1603 1190; x_wconf 83' lang='lat' dir='ltr'>salvo</span> 
     </span>
     <span class='ocr_line' id='line_1_17' title="bbox 318 1203 695 1258; baseline 0.008 -3"><span class='ocrx_word' id='word_1_123' title='bbox 318 1203 508 1255; x_wconf 84' lang='lat' dir='ltr'>foedere</span> <span class='ocrx_word' id='word_1_124' title='bbox 540 1205 695 1258; x_wconf 87' lang='lat' dir='ltr'>fieret.</span> 
     </span>
    </p>
   </div>
   <div class='ocr_carea' id='block_1_4' title="bbox 316 1272 1611 1888">
    <p class='ocr_par' dir='ltr' id='par_1_11' title="bbox 316 1272 1611 1888">
     <span class='ocr_line' id='line_1_18' title="bbox 386 1272 1605 1340; baseline 0.003 -18"><span class='ocrx_word' id='word_1_125' title='bbox 386 1272 629 1324; x_wconf 75' lang='lat' dir='ltr'><strong>XXXIX.</strong></span> <span class='ocrx_word' id='word_1_126' title='bbox 663 1274 848 1326; x_wconf 89' lang='lat' dir='ltr'>Consul</span> <span class='ocrx_word' id='word_1_127' title='bbox 887 1275 1063 1340; x_wconf 77' lang='lat' dir='ltr'>juravit</span> <span class='ocrx_word' id='word_1_128' title='bbox 1093 1276 1141 1323; x_wconf 87' lang='lat' dir='ltr'>in</span> <span class='ocrx_word' id='word_1_129' title='bbox 1179 1274 1274 1324; x_wconf 92' lang='lat' dir='ltr'>hoc</span> <span class='ocrx_word' id='word_1_130' title='bbox 1311 1273 1513 1326; x_wconf 82' lang='lat' dir='ltr'>foedus:</span> <span class='ocrx_word' id='word_1_131' title='bbox 1544 1275 1605 1326; x_wconf 84' lang='lat' dir='ltr'>ab</span> 
     </span>
     <span class='ocr_line' id='line_1_19' title="bbox 317 1342 1610 1412; baseline 0.004 -21"><span class='ocrx_word' id='word_1_132' title='bbox 317 1359 437 1410; x_wconf 75' lang='lat' dir='ltr'>rege</span> <span class='ocrx_word' id='word_1_133' title='bbox 476 1346 559 1409; x_wconf 87' lang='lat' dir='ltr'>qui</span> <span class='ocrx_word' id='word_1_134' title='bbox 595 1347 847 1412; x_wconf 80' lang='lat' dir='ltr'>exigerent</span> <span class='ocrx_word' id='word_1_135' title='bbox 885 1342 1252 1409; x_wconf 74' lang='lat' dir='ltr'>jusjurandum,</span> <span class='ocrx_word' id='word_1_136' title='bbox 1287 1343 1492 1410; x_wconf 62' lang='lat' dir='ltr'>profecti</span> <span class='ocrx_word' id='word_1_137' title='bbox 1532 1343 1610 1410; x_wconf 84' lang='lat' dir='ltr'>Q.</span> 
     </span>
     <span class='ocr_line' id='line_1_20' title="bbox 316 1410 1607 1479; baseline 0.002 -20"><span class='ocrx_word' id='word_1_138' title='bbox 316 1411 568 1461; x_wconf 88' lang='lat' dir='ltr'>Minucius</span> <span class='ocrx_word' id='word_1_139' title='bbox 603 1410 879 1473; x_wconf 81' lang='lat' dir='ltr'>ThermuS‚</span> <span class='ocrx_word' id='word_1_140' title='bbox 923 1414 975 1461; x_wconf 87' lang='lat'>&amp;</span> <span class='ocrx_word' id='word_1_141' title='bbox 1006 1411 1060 1461; x_wconf 87' lang='lat' dir='ltr'>L.</span> <span class='ocrx_word' id='word_1_142' title='bbox 1097 1411 1309 1460; x_wconf 81' lang='lat' dir='ltr'>Manlius</span> <span class='ocrx_word' id='word_1_143' title='bbox 1335 1450 1349 1471; x_wconf 85' lang='lat'><strong>‚</strong></span> <span class='ocrx_word' id='word_1_144' title='bbox 1386 1414 1466 1479; x_wconf 88' lang='lat' dir='ltr'>qui</span> <span class='ocrx_word' id='word_1_145' title='bbox 1504 1427 1607 1462; x_wconf 88' lang='lat' dir='ltr'>tum</span> 
     </span>
     <span class='ocr_line' id='line_1_21' title="bbox 316 1477 1608 1545; baseline 0.002 -17"><span class='ocrx_word' id='word_1_146' title='bbox 316 1477 446 1529; x_wconf 67' lang='lat' dir='ltr'>forte</span> <span class='ocrx_word' id='word_1_147' title='bbox 471 1480 529 1528; x_wconf 83' lang='lat' dir='ltr'>ab</span> <span class='ocrx_word' id='word_1_148' title='bbox 561 1479 812 1532; x_wconf 82' lang='lat' dir='ltr'>Oroandis</span> <span class='ocrx_word' id='word_1_149' title='bbox 844 1481 984 1530; x_wconf 80' lang='lat' dir='ltr'>rediit</span> <span class='ocrx_word' id='word_1_150' title='bbox 1015 1498 1025 1528; x_wconf 75' lang='grc' dir='ltr'><em>τ</em></span> <span class='ocrx_word' id='word_1_151' title='bbox 1059 1481 1112 1528; x_wconf 87' lang='lat'>&amp;</span> <span class='ocrx_word' id='word_1_152' title='bbox 1135 1479 1206 1545; x_wconf 82' lang='lat' dir='ltr'>Q.</span> <span class='ocrx_word' id='word_1_153' title='bbox 1229 1480 1382 1528; x_wconf 82' lang='lat' dir='ltr'>Fabio</span> <span class='ocrx_word' id='word_1_154' title='bbox 1411 1480 1608 1530; x_wconf 81' lang='lat' dir='ltr'>Labeo-</span> 
     </span>
     <span class='ocr_line' id='line_1_22' title="bbox 318 1547 1610 1615; baseline 0.002 -19"><span class='ocrx_word' id='word_1_155' title='bbox 318 1549 404 1608; x_wconf 82' lang='lat' dir='ltr'>ni,</span> <span class='ocrx_word' id='word_1_156' title='bbox 439 1550 520 1614; x_wconf 81' lang='lat' dir='ltr'>qui</span> <span class='ocrx_word' id='word_1_157' title='bbox 560 1548 690 1599; x_wconf 84' lang='lat' dir='ltr'>claffi</span> <span class='ocrx_word' id='word_1_158' title='bbox 733 1565 968 1615; x_wconf 65' lang='lat' dir='ltr'>praeerat,</span> <span class='ocrx_word' id='word_1_159' title='bbox 1000 1547 1209 1613; x_wconf 84' lang='lat' dir='ltr'>scripfit,</span> <span class='ocrx_word' id='word_1_160' title='bbox 1242 1564 1293 1596; x_wconf 88' lang='lat' dir='ltr'>ut</span> <span class='ocrx_word' id='word_1_161' title='bbox 1329 1548 1493 1597; x_wconf 81' lang='lat' dir='ltr'>Patara</span> <span class='ocrx_word' id='word_1_162' title='bbox 1521 1566 1610 1598; x_wconf 83' lang='lat' dir='ltr'>ex-</span> 
     </span>
     <span class='ocr_line' id='line_1_23' title="bbox 316 1616 1611 1683; baseline 0.001 -18"><span class='ocrx_word' id='word_1_163' title='bbox 316 1618 510 1682; x_wconf 74' lang='lat' dir='ltr'>templo</span> <span class='ocrx_word' id='word_1_164' title='bbox 544 1617 926 1683; x_wconf 86' lang='lat' dir='ltr'>proficisceretur</span> <span class='ocrx_word' id='word_1_165' title='bbox 946 1635 962 1677; x_wconf 90' lang='lat'>;</span> <span class='ocrx_word' id='word_1_166' title='bbox 998 1633 1201 1683; x_wconf 83' lang='lat' dir='ltr'>quaeque</span> <span class='ocrx_word' id='word_1_167' title='bbox 1234 1616 1300 1663; x_wconf 86' lang='lat' dir='ltr'>ibi</span> <span class='ocrx_word' id='word_1_168' title='bbox 1335 1634 1485 1666; x_wconf 87' lang='lat' dir='ltr'>naves</span> <span class='ocrx_word' id='word_1_169' title='bbox 1526 1634 1611 1666; x_wconf 87' lang='lat' dir='ltr'>re-</span> 
     </span>
     <span class='ocr_line' id='line_1_24' title="bbox 319 1683 1611 1751; baseline 0.002 -19"><span class='ocrx_word' id='word_1_170' title='bbox 319 1687 413 1751; x_wconf 81' lang='lat' dir='ltr'>giae</span> <span class='ocrx_word' id='word_1_171' title='bbox 451 1683 601 1734; x_wconf 81' lang='lat' dir='ltr'>effent</span> <span class='ocrx_word' id='word_1_172' title='bbox 623 1723 638 1747; x_wconf 95' lang='lat'>,</span> <span class='ocrx_word' id='word_1_173' title='bbox 674 1687 955 1736; x_wconf 85' lang='lat' dir='ltr'>concideret</span> <span class='ocrx_word' id='word_1_174' title='bbox 992 1698 1342 1749; x_wconf 87' lang='lat' dir='ltr'>cremaretque.</span> <span class='ocrx_word' id='word_1_175' title='bbox 1365 1684 1611 1735; x_wconf 57' lang='lat' dir='ltr'>Profe61us</span> 
     </span>
     <span class='ocr_line' id='line_1_25' title="bbox 321 1751 1611 1822; baseline 0.002 -22"><span class='ocrx_word' id='word_1_176' title='bbox 321 1753 386 1800; x_wconf 78' lang='lat' dir='ltr'>ab</span> <span class='ocrx_word' id='word_1_177' title='bbox 423 1751 615 1820; x_wconf 84' lang='lat' dir='ltr'>Epheso</span> <span class='ocrx_word' id='word_1_178' title='bbox 634 1792 652 1814; x_wconf 86' lang='lat'>‚</span> <span class='ocrx_word' id='word_1_179' title='bbox 684 1756 1026 1822; x_wconf 81' lang='lat' dir='ltr'>quinquaginta</span> <span class='ocrx_word' id='word_1_180' title='bbox 1048 1752 1193 1801; x_wconf 58' lang='lat' dir='ltr'>tecias</span> <span class='ocrx_word' id='word_1_181' title='bbox 1216 1769 1366 1801; x_wconf 85' lang='lat' dir='ltr'>naves</span> <span class='ocrx_word' id='word_1_182' title='bbox 1395 1768 1473 1802; x_wconf 85' lang='lat' dir='ltr'>aut</span> <span class='ocrx_word' id='word_1_183' title='bbox 1492 1771 1611 1802; x_wconf 90' lang='lat' dir='ltr'>con-</span> 
     </span>
     <span class='ocr_line' id='line_1_26' title="bbox 322 1820 1610 1888; baseline -0.002 -14"><span class='ocrx_word' id='word_1_184' title='bbox 322 1820 476 1884; x_wconf 77' lang='lat' dir='ltr'>cidit,</span> <span class='ocrx_word' id='word_1_185' title='bbox 507 1836 588 1872; x_wconf 87' lang='lat' dir='ltr'>aut</span> <span class='ocrx_word' id='word_1_186' title='bbox 621 1823 857 1874; x_wconf 87' lang='lat' dir='ltr'>incendit.</span> <span class='ocrx_word' id='word_1_187' title='bbox 877 1820 1176 1873; x_wconf 85' lang='lat' dir='ltr'>Telmessum</span> <span class='ocrx_word' id='word_1_188' title='bbox 1206 1821 1379 1871; x_wconf 59' lang='lat' dir='ltr'>eadem</span> <span class='ocrx_word' id='word_1_189' title='bbox 1401 1822 1610 1888; x_wconf 32' lang='lat' dir='ltr'>expedi-2</span> 
     </span>
    </p>
   </div>
   <div class='ocr_carea' id='block_1_5' title="bbox 323 1961 938 2019">
    <p class='ocr_par' dir='ltr' id='par_1_12' title="bbox 323 1961 938 2019">
     <span class='ocr_line' id='line_1_27' title="bbox 323 1961 938 2019; baseline 0.007 -18"><span class='ocrx_word' id='word_1_190' title='bbox 323 1961 565 2019; x_wconf 52' lang='lat' dir='ltr'>quaginta]</span> <span class='ocrx_word' id='word_1_191' title='bbox 589 1961 631 2005; x_wconf 81' lang='lat' dir='ltr'>Si</span> <span class='ocrx_word' id='word_1_192' title='bbox 656 1964 745 2007; x_wconf 82' lang='lat' dir='ltr'>haec</span> <span class='ocrx_word' id='word_1_193' title='bbox 766 1964 853 2007; x_wconf 85' lang='lat' dir='ltr'>sunt</span> <span class='ocrx_word' id='word_1_194' title='bbox 875 1974 938 2006; x_wconf 85' lang='lat' dir='ltr'>ta·</span> 
     </span>
    </p>
   </div>
   <div class='ocr_carea' id='block_1_6' title="bbox 323 1974 1613 2074">
    <p class='ocr_par' dir='ltr' id='par_1_13' title="bbox 323 1974 1613 2074">
     <span class='ocr_line' id='line_1_28' title="bbox 1001 1974 1613 2031; baseline -0.002 -13"><span class='ocrx_word' id='word_1_195' title='bbox 1001 1977 1175 2018; x_wconf 84' lang='lat' dir='ltr'>reddere</span> <span class='ocrx_word' id='word_1_196' title='bbox 1203 1976 1311 2031; x_wconf 88' lang='lat' dir='ltr'>quod</span> <span class='ocrx_word' id='word_1_197' title='bbox 1332 1974 1522 2018; x_wconf 85' lang='lat' dir='ltr'>frumenti</span> <span class='ocrx_word' id='word_1_198' title='bbox 1546 1990 1613 2017; x_wconf 77' lang='grc' dir='ltr'>τε·-</span> 
     </span>
     <span class='ocr_line' id='line_1_29' title="bbox 323 2025 940 2074; baseline 0.003 -9"><span class='ocrx_word' id='word_1_199' title='bbox 323 2026 437 2065; x_wconf 87' lang='lat' dir='ltr'>lenta</span> <span class='ocrx_word' id='word_1_200' title='bbox 465 2025 601 2066; x_wconf 83' lang='lat' dir='ltr'>Attica</span> <span class='ocrx_word' id='word_1_201' title='bbox 627 2055 639 2074; x_wconf 92' lang='lat'>‚</span> <span class='ocrx_word' id='word_1_202' title='bbox 671 2038 716 2068; x_wconf 87' lang='lat' dir='ltr'>ut</span> <span class='ocrx_word' id='word_1_203' title='bbox 747 2028 850 2069; x_wconf 87' lang='lat' dir='ltr'>solet</span> <span class='ocrx_word' id='word_1_204' title='bbox 883 2028 940 2068; x_wconf 87' lang='lat' dir='ltr'>in-</span> 
     </span>
    </p>
   </div>
   <div class='ocr_carea' id='block_1_7' title="bbox 325 2087 940 2203">
    <p class='ocr_par' dir='ltr' id='par_1_14' title="bbox 325 2087 940 2203">
     <span class='ocr_line' id='line_1_30' title="bbox 328 2087 938 2142; baseline 0.003 -15"><span class='ocrx_word' id='word_1_205' title='bbox 328 2087 459 2141; x_wconf 78' lang='lat' dir='ltr'>telligi</span> <span class='ocrx_word' id='word_1_206' title='bbox 482 2115 493 2133; x_wconf 92' lang='lat'>‚</span> <span class='ocrx_word' id='word_1_207' title='bbox 532 2089 692 2142; x_wconf 79' lang='lat' dir='ltr'>quando</span> <span class='ocrx_word' id='word_1_208' title='bbox 741 2092 938 2131; x_wconf 80' lang='lat' dir='ltr'>talentum</span> 
     </span>
     <span class='ocr_line' id='line_1_31' title="bbox 325 2148 940 2203; baseline 0.01 -16"><span class='ocrx_word' id='word_1_209' title='bbox 325 2148 513 2190; x_wconf 74' lang='lat' dir='ltr'>absolute</span> <span class='ocrx_word' id='word_1_210' title='bbox 577 2153 743 2203; x_wconf 82' lang='lat' dir='ltr'>ponitur</span> <span class='ocrx_word' id='word_1_211' title='bbox 778 2180 789 2200; x_wconf 94' lang='lat'><strong>,</strong></span> <span class='ocrx_word' id='word_1_212' title='bbox 839 2151 940 2193; x_wconf 85' lang='lat' dir='ltr'>fiunt</span> 
     </span>
    </p>
   </div>
   <div class='ocr_carea' id='block_1_8' title="bbox 327 2214 936 2325">
    <p class='ocr_par' dir='ltr' id='par_1_15' title="bbox 327 2214 936 2325">
     <span class='ocr_line' id='line_1_32' title="bbox 327 2214 936 2269; baseline 0.008 -20"><span class='ocrx_word' id='word_1_213' title='bbox 327 2224 475 2252; x_wconf 82' lang='lat' dir='ltr'>marcae</span> <span class='ocrx_word' id='word_1_214' title='bbox 527 2215 684 2267; x_wconf 81' lang='lat' dir='ltr'>argenti</span> <span class='ocrx_word' id='word_1_215' title='bbox 727 2214 889 2269; x_wconf 77' lang='lat'>,32812</span> <span class='ocrx_word' id='word_1_216' title='bbox 924 2242 936 2262; x_wconf 93' lang='lat'>,</span> 
     </span>
     <span class='ocr_line' id='line_1_33' title="bbox 330 2286 650 2325; baseline 0.019 -14"><span class='ocrx_word' id='word_1_217' title='bbox 330 2286 423 2312; x_wconf 88' lang='lat' dir='ltr'>cum</span> <span class='ocrx_word' id='word_1_218' title='bbox 451 2288 576 2314; x_wconf 82' lang='lat' dir='ltr'>uncus</span> <span class='ocrx_word' id='word_1_219' title='bbox 605 2288 650 2325; x_wconf 86' lang='lat'>4.</span> 
     </span>
    </p>
   </div>
   <div class='ocr_carea' id='block_1_9' title="bbox 328 2333 945 2650">
    <p class='ocr_par' dir='ltr' id='par_1_16' title="bbox 328 2333 945 2650">
     <span class='ocr_line' id='line_1_34' title="bbox 373 2333 938 2393; baseline -0.002 -18"><span class='ocrx_word' id='word_1_220' title='bbox 373 2333 401 2375; x_wconf 89' lang='lat'>6</span> <span class='ocrx_word' id='word_1_221' title='bbox 424 2333 545 2393; x_wconf 74' lang='lat' dir='ltr'>Quod</span> <span class='ocrx_word' id='word_1_222' title='bbox 559 2336 938 2392; x_wconf 81' lang='lat' dir='ltr'>aestimationefiat.]</span> 
     </span>
     <span class='ocr_line' id='line_1_35' title="bbox 329 2394 939 2454; baseline 0.003 -19"><span class='ocrx_word' id='word_1_223' title='bbox 329 2394 450 2436; x_wconf 80' lang='lat' dir='ltr'>Latet</span> <span class='ocrx_word' id='word_1_224' title='bbox 465 2399 652 2439; x_wconf 83' lang='lat' dir='ltr'>mendum</span> <span class='ocrx_word' id='word_1_225' title='bbox 670 2400 710 2439; x_wconf 88' lang='lat' dir='ltr'>in</span> <span class='ocrx_word' id='word_1_226' title='bbox 729 2398 939 2454; x_wconf 85' lang='lat' dir='ltr'>vocefiat.</span> 
     </span>
     <span class='ocr_line' id='line_1_36' title="bbox 328 2457 945 2516; baseline 0.002 -18"><span class='ocrx_word' id='word_1_227' title='bbox 328 2457 378 2498; x_wconf 87' lang='lat' dir='ltr'>ld</span> <span class='ocrx_word' id='word_1_228' title='bbox 399 2460 528 2513; x_wconf 76' lang='lat' dir='ltr'>arguit</span> <span class='ocrx_word' id='word_1_229' title='bbox 546 2459 736 2516; x_wconf 86' lang='lat' dir='ltr'>Polybius</span> <span class='ocrx_word' id='word_1_230' title='bbox 756 2489 766 2508; x_wconf 94' lang='lat'>,</span> <span class='ocrx_word' id='word_1_231' title='bbox 792 2463 856 2513; x_wconf 88' lang='lat' dir='ltr'>qui</span> <span class='ocrx_word' id='word_1_232' title='bbox 879 2462 945 2499; x_wconf 88' lang='lat' dir='ltr'>ha·</span> 
     </span>
     <span class='ocr_line' id='line_1_37' title="bbox 330 2520 945 2583; baseline 0.005 -17"><span class='ocrx_word' id='word_1_233' title='bbox 330 2527 403 2567; x_wconf 85' lang='lat' dir='ltr'>bet</span> <span class='ocrx_word' id='word_1_234' title='bbox 426 2520 571 2571; x_wconf 49' lang='lat' dir='ltr'>Ka&#39;aoaeq</span> <span class='ocrx_word' id='word_1_235' title='bbox 596 2522 793 2583; x_wconf 65' lang='grc' dir='ltr'>ἐτίμησεν</span> <span class='ocrx_word' id='word_1_236' title='bbox 815 2525 830 2569; x_wconf 79' lang='grc' dir='ltr'>ὁ</span> <span class='ocrx_word' id='word_1_237' title='bbox 852 2530 945 2579; x_wconf 72' lang='grc' dir='ltr'><em>βοι-</em></span> 
     </span>
     <span class='ocr_line' id='line_1_38' title="bbox 334 2589 944 2650; baseline 0.003 -16"><span class='ocrx_word' id='word_1_238' title='bbox 334 2590 476 2638; x_wconf 64' lang='lat' dir='ltr'>cam-53</span> <span class='ocrx_word' id='word_1_239' title='bbox 527 2589 776 2650; x_wconf 61' lang='lat' dir='ltr'>Arrc¹oz&amp;u.</span> <span class='ocrx_word' id='word_1_240' title='bbox 816 2596 944 2639; x_wconf 74' lang='lat' dir='ltr'>Jusl&#39;us</span> 
     </span>
    </p>
   </div>
   <div class='ocr_carea' id='block_1_10' title="bbox 1003 2038 1625 2649">
    <p class='ocr_par' dir='ltr' id='par_1_17' title="bbox 1003 2038 1625 2649">
     <span class='ocr_line' id='line_1_39' title="bbox 1003 2038 1612 2094; baseline -0.002 -14"><span class='ocrx_word' id='word_1_241' title='bbox 1003 2041 1154 2094; x_wconf 87' lang='lat' dir='ltr'>liquum</span> <span class='ocrx_word' id='word_1_242' title='bbox 1193 2050 1279 2079; x_wconf 83' lang='lat' dir='ltr'>erat</span> <span class='ocrx_word' id='word_1_243' title='bbox 1322 2053 1372 2078; x_wconf 88' lang='lat' dir='ltr'>ex</span> <span class='ocrx_word' id='word_1_244' title='bbox 1414 2053 1464 2079; x_wconf 93' lang='lat' dir='ltr'>eo</span> <span class='ocrx_word' id='word_1_245' title='bbox 1500 2038 1612 2092; x_wconf 70' lang='lat' dir='ltr'>quod·</span> 
     </span>
     <span class='ocr_line' id='line_1_40' title="bbox 1003 2100 1611 2156; baseline -0.003 -14"><span class='ocrx_word' id='word_1_246' title='bbox 1003 2103 1106 2156; x_wconf 81' lang='lat' dir='ltr'>patri</span> <span class='ocrx_word' id='word_1_247' title='bbox 1148 2102 1384 2141; x_wconf 78' lang='lat' dir='ltr'>debebatur.</span> <span class='ocrx_word' id='word_1_248' title='bbox 1422 2100 1501 2140; x_wconf 86' lang='lat' dir='ltr'>Hic</span> <span class='ocrx_word' id='word_1_249' title='bbox 1536 2115 1611 2155; x_wconf 87' lang='lat' dir='ltr'>pto</span> 
     </span>
     <span class='ocr_line' id='line_1_41' title="bbox 1003 2162 1613 2215; baseline 0.002 -11"><span class='ocrx_word' id='word_1_250' title='bbox 1003 2165 1076 2205; x_wconf 90' lang='lat' dir='ltr'>illo</span> <span class='ocrx_word' id='word_1_251' title='bbox 1108 2165 1312 2204; x_wconf 86' lang='lat' dir='ltr'>frumento</span> <span class='ocrx_word' id='word_1_252' title='bbox 1333 2162 1426 2202; x_wconf 80' lang='lat' dir='ltr'>dare</span> <span class='ocrx_word' id='word_1_253' title='bbox 1449 2162 1613 2215; x_wconf 83' lang='lat' dir='ltr'>jubetur</span> 
     </span>
     <span class='ocr_line' id='line_1_42' title="bbox 1004 2225 1614 2280; baseline 0 -14"><span class='ocrx_word' id='word_1_254' title='bbox 1004 2228 1154 2267; x_wconf 79' lang='lat' dir='ltr'>talenta</span> <span class='ocrx_word' id='word_1_255' title='bbox 1188 2236 1350 2265; x_wconf 87' lang='lat' dir='ltr'>centurn</span> <span class='ocrx_word' id='word_1_256' title='bbox 1382 2225 1524 2280; x_wconf 85' lang='lat' dir='ltr'>viginti</span> <span class='ocrx_word' id='word_1_257' title='bbox 1555 2225 1614 2266; x_wconf 88' lang='lat' dir='ltr'>se·</span> 
     </span>
     <span class='ocr_line' id='line_1_43' title="bbox 1003 2286 1612 2342; baseline 0.002 -15"><span class='ocrx_word' id='word_1_258' title='bbox 1003 2299 1113 2342; x_wconf 86' lang='lat' dir='ltr'>ptem</span> <span class='ocrx_word' id='word_1_259' title='bbox 1128 2316 1138 2336; x_wconf 90' lang='lat'>,</span> <span class='ocrx_word' id='word_1_260' title='bbox 1155 2302 1204 2327; x_wconf 87' lang='lat' dir='ltr'>ex</span> <span class='ocrx_word' id='word_1_261' title='bbox 1225 2286 1483 2327; x_wconf 71' lang='lat' dir='ltr'>aestimatione</span> <span class='ocrx_word' id='word_1_262' title='bbox 1497 2301 1612 2340; x_wconf 82' lang='lat' dir='ltr'>quam</span> 
     </span>
     <span class='ocr_line' id='line_1_44' title="bbox 1006 2347 1615 2404; baseline 0.003 -15"><span class='ocrx_word' id='word_1_263' title='bbox 1006 2350 1086 2404; x_wconf 82' lang='lat' dir='ltr'>ipse</span> <span class='ocrx_word' id='word_1_264' title='bbox 1132 2350 1288 2389; x_wconf 86' lang='lat' dir='ltr'>fecerat</span> <span class='ocrx_word' id='word_1_265' title='bbox 1318 2363 1328 2389; x_wconf 75' lang='grc' dir='ltr'>ε</span> <span class='ocrx_word' id='word_1_266' title='bbox 1369 2349 1408 2388; x_wconf 89' lang='lat' dir='ltr'>id</span> <span class='ocrx_word' id='word_1_267' title='bbox 1443 2347 1528 2396; x_wconf 84' lang='lat' dir='ltr'>est,</span> <span class='ocrx_word' id='word_1_268' title='bbox 1562 2362 1615 2391; x_wconf 81' lang='lat' dir='ltr'>ex</span> 
     </span>
     <span class='ocr_line' id='line_1_45' title="bbox 1005 2410 1625 2465; baseline -0.003 -13"><span class='ocrx_word' id='word_1_269' title='bbox 1005 2413 1140 2465; x_wconf 84' lang='lat' dir='ltr'>pretio</span> <span class='ocrx_word' id='word_1_270' title='bbox 1169 2425 1249 2465; x_wconf 82' lang='lat' dir='ltr'>quo</span> <span class='ocrx_word' id='word_1_271' title='bbox 1268 2410 1349 2463; x_wconf 85' lang='lat' dir='ltr'>ipse</span> <span class='ocrx_word' id='word_1_272' title='bbox 1371 2411 1625 2451; x_wconf 87' lang='lat' dir='ltr'>frumentum.</span> 
     </span>
     <span class='ocr_line' id='line_1_46' title="bbox 1007 2472 1614 2514; baseline 0 -1"><span class='ocrx_word' id='word_1_273' title='bbox 1007 2485 1231 2514; x_wconf 76' lang='lat' dir='ltr'>taxaverat.</span> <span class='ocrx_word' id='word_1_274' title='bbox 1267 2472 1441 2512; x_wconf 70' lang='lat' dir='ltr'>Talenta</span> <span class='ocrx_word' id='word_1_275' title='bbox 1476 2472 1614 2513; x_wconf 83' lang='lat' dir='ltr'>Attica</span> 
     </span>
     <span class='ocr_line' id='line_1_47' title="bbox 1009 2530 1613 2588; baseline 0.002 -13"><span class='ocrx_word' id='word_1_276' title='bbox 1009 2547 1172 2576; x_wconf 81' lang='lat' dir='ltr'>centum</span> <span class='ocrx_word' id='word_1_277' title='bbox 1249 2535 1389 2588; x_wconf 71' lang='lat' dir='ltr'>viginti</span> <span class='ocrx_word' id='word_1_278' title='bbox 1462 2530 1613 2587; x_wconf 77' lang='lat' dir='ltr'>septem</span> 
     </span>
     <span class='ocr_line' id='line_1_48' title="bbox 1009 2596 1616 2649; baseline 0 -12"><span class='ocrx_word' id='word_1_279' title='bbox 1009 2596 1190 2637; x_wconf 85' lang='lat' dir='ltr'>efficiunt</span> <span class='ocrx_word' id='word_1_280' title='bbox 1250 2609 1401 2636; x_wconf 75' lang='lat' dir='ltr'>marcas</span> <span class='ocrx_word' id='word_1_281' title='bbox 1458 2596 1616 2649; x_wconf 76' lang='lat' dir='ltr'>argenti</span> 
     </span>
    </p>
   </div>
   <div class='ocr_carea' id='block_1_11' title="bbox 336 2656 1544 2714">
    <p class='ocr_par' dir='ltr' id='par_1_18' title="bbox 336 2656 1544 2714">
     <span class='ocr_line' id='line_1_49' title="bbox 336 2656 1544 2714; baseline 0.002 -17"><span class='ocrx_word' id='word_1_282' title='bbox 336 2667 425 2697; x_wconf 63' lang='lat' dir='ltr'>erat</span> <span class='ocrx_word' id='word_1_283' title='bbox 484 2656 714 2701; x_wconf 73' lang='lat' dir='ltr'>Antiochus</span> <span class='ocrx_word' id='word_1_284' title='bbox 776 2659 948 2702; x_wconf 82' lang='lat' dir='ltr'>Eumeni</span> <span class='ocrx_word' id='word_1_285' title='bbox 1016 2660 1157 2714; x_wconf 83' lang='lat'>11906</span> <span class='ocrx_word' id='word_1_286' title='bbox 1181 2687 1193 2709; x_wconf 94' lang='lat'>,</span> <span class='ocrx_word' id='word_1_287' title='bbox 1218 2673 1306 2702; x_wconf 84' lang='lat' dir='ltr'>cum</span> <span class='ocrx_word' id='word_1_288' title='bbox 1343 2656 1466 2700; x_wconf 80' lang='lat' dir='ltr'>unciis</span> <span class='ocrx_word' id='word_1_289' title='bbox 1494 2670 1544 2700; x_wconf 53' lang='lat'>2,</span> 
     </span>
    </p>
   </div>
  </div>
 </body>
</html>
