1680 3052
254 105 299 165 L
343 121 365 162 1
412 117 448 161 B
491 116 528 159 ε
569 116 609 159 a
689 98 1142 161 XXXVIII.
1247 107 1366 181 591‘

65 196 122 252 ‚9
162 190 312 254 magis
347 185 423 253 pie
464 181 611 249 quam
641 181 852 230 ‘civiliter
889 183 989 231 vim
1030 179 1210 232 fecisse.
1245 182 1573 247 HaecU‚c,565;

90 257 220 303 enim
254 254 351 320 ipse
387 250 636 301 Gracchus
670 250 883 315 queritur
911 286 927 309 ,
965 249 1238 299 dissolutam
1272 250 1367 301 esse
1381 249 1578 303 {QG-187.

86 339 117 370 a
148 323 339 386 privato
380 321 685 370 tribuniciam
719 315 1004 382 potestatem
1038 333 1050 363 ε
1093 317 1146 365 &
1180 317 1241 366 ad
1273 336 1370 383 po-

87 387 315 438 stremum
343 426 358 449 ‚
396 403 414 435 1
453 404 600 454 quum
638 386 866 435 auxilium
892 384 946 434 L.
978 383 1195 449 Scipioni
1225 388 1371 449 polli-

87 472 307 519 ceretur,
339 454 500 519 adjicit
522 493 538 514 ‚
568 454 905 504 tolerabilioris
937 451 1148 518 exempli
1185 451 1277 501 effe
1300 491 1314 513 ‚
1339 472 1369 505 a

86 526 283 574 tribuno
314 524 466 590 plebis
492 523 651 589 potius
669 560 683 582 ‚
711 522 854 589 quam
881 541 907 569 a
932 523 1123 587 privato
1149 555 1165 578 ‚
1188 519 1369 571 viciam

87 593 244 641 videri
271 593 322 641 ὅ(
351 593 650 639 tribuniciam
681 589 967 656 potestatem
986 627 999 647 ‚
1025 590 1073 637 ὅ(
1101 588 1370 653 rempubli-

87 675 195 707 cam
221 698 235 720 ‚
279 659 389 709 esse.
430 659 526 708 Sed
572 662 636 706 ita
683 658 804 706 hanc
850 674 995 706 unam
1031 659 1372 722 imponentem

89 725 195 789 ejus
229 726 451 788 injuriam
487 726 667 775 invidia
706 739 877 775 onerat
915 763 931 786 ,
980 741 1030 773 ut
1065 723 1374 788 increpando

89 794 224 861 qubd
247 796 551 862 degenerarit
582 796 766 841 tantum
797 812 822 841 a
854 792 900 841 se
934 790 1032 857 ipse
1054 829 1068 851 ‚
1105 792 1375 840 cumulatas

90 864 134 911 ei
160 879 350 912 veteres
381 861 545 911 laudes
575 861 922 910 moderationis
949 860 1000 907 ὃ(
1036 860 1376 925 temperantiae

91 946 121 977 2
158 947 245 994 pro
275 928 645 997 reprehensione
677 927 896 995 praesenti
929 925 1117 976 reddat.
1153 925 1372 993 Castiga-

87 1009 193 1045 tum
215 1001 344 1047 enim
378 997 626 1064 quondam
656 998 716 1045 ab
742 1013 804 1045 eo
836 994 1072 1060 populum
1104 995 1166 1042 ait
1190 1033 1206 1053 ‚
1235 994 1376 1060 quod

88 1080 201 1114 eum
226 1082 510 1133 perpetuum
545 1063 791 1114 consulem
818 1063 869 1112 ὃ(
899 1061 1184 1111 ἀίξὶειτοτετη
1215 1062 1369 1112 vellet

87 1131 247 1182 facere
276 1152 285 1182 ε
309 1131 597 1201 prohibuisse
628 1131 798 1181 statuas
831 1130 917 1179 fibi
955 1132 1002 1178 in
1038 1127 1259 1179 Comitio
1281 1168 1296 1189 ‚
1320 1132 1371 1179 in

87 1198 274 1250 Rostris
303 1239 318 1264 ,
341 1203 390 1250 in
421 1199 570 1250 Curia
591 1235 608 1261 ‚
626 1201 673 1248 in
707 1197 955 1265 Capitolio
979 1235 991 1256 ,
1016 1198 1065 1245 in
1091 1198 1211 1247 cella
1234 1197 1373 1247 Jovis

86 1270 208 1333 poni
246 1286 256 1316 :
291 1266 582 1336 prohibuisse
612 1284 673 1318 ne
713 1267 1056 1317 decerneretur
1076 1303 1091 1325 ‚
1121 1280 1174 1314 ut
1205 1266 1373 1332 imago

85 1335 167 1384 sua
203 1337 479 1403 triumphali
513 1349 683 1385 ornatu
721 1351 748 1384 e
783 1333 972 1400 templo
1010 1333 1146 1382 Jovis
1177 1332 1378 1400 Optimi<

86 1402 294 1452 Maximi
339 1407 508 1455 exiret.
546 1403 666 1452 Haec
700 1402 782 1453 vel
816 1404 865 1450 in
902 1400 1176 1450 laudatione
1216 1399 1372 1467 posita.-

85 1473 337 1538 ingentem
400 1471 786 1539 magnitudinem
855 1471 1005 1518 animi
1058 1468 1374 1518 moderandis

87 1555 111 1606 3
144 1540 205 1588 ad
238 1539 431 1589 civilem
465 1540 680 1588 habitum
715 1537 980 1588 honoribus
1010 1534 1330 1604 signifi-carent
1354 1553 1370 1586 z

88 1625 195 1675 quae
225 1608 570 1673 exprobrando
604 1608 822 1656 inimicus
855 1606 1050 1654 fatetur.

154 1675 256 1724 LV
285 1674 365 1724 ΙΙ.
400 1676 528 1725 Huic
560 1673 788 1725 Graccho
828 1676 1067 1722 minorem
1099 1689 1160 1722 ex
1184 1671 1373 1722 duabus
1444 1682 1582 1730 Grac:

86 1739 196 1791 filiis
243 1742 400 1810 (nam
443 1741 600 1808 major
638 1742 692 1791 P.
725 1741 962 1792 Cornelio
1009 1740 1194 1790 Naficae
1240 1740 1450 1790 haudcho
1506 1767 1580 1792 rm-

87 1809 232 1859 dubie
283 1829 310 1859 a
357 1824 491 1877 patre
531 1810 768 1860 collocata
810 1808 948 1875 erat)
992 1824 1193 1875 nuptam
1235 1807 1449 1866 fuissepta
1481 1814 1581 1870 Coi-⁴5

89 1880 345 1928 convenit.
388 1877 512 1927 Illud
563 1896 732 1944 parum
783 1877 964 1927 constat
999 1913 1013 1936 ‚
1058 1879 1215 1925 utrum
1263 1873 1509 1943 postnelisso

89 1961 304 1995 mortem
334 1949 480 2012 patris
510 1947 562 1995 &
592 1945 826 2012 desponsa
855 1945 908 1993 fit
930 1984 943 2005 ,
975 1945 1023 1992 &
1052 1945 1289 2010 nupserit:
1311 1963 1372 1995 an

85 2030 215 2065 verae
236 2015 327 2063 illae
359 2016 618 2082 opiniones
648 2014 737 2064 fint
758 2052 773 2075 ,
796 2012 1072 2063 Gracchum
1093 2050 1109 2074 2
1133 2030 1281 2079 quum
1314 2013 1377 2064 L,

149 2159 176 2200 9
198 2146 335 2203 Magis
349 2144 414 2201 ρὶὲ
432 2146 542 2200 qudm
562 2147 700 2187 civili-
828 2160 851 2187 2
870 2145 951 2187 Pro
969 2145 1259 2201 reprehensione
1272 2160 1374 2201 prae-

90 2209 202 2262 ten]
237 2210 296 2249 Ita
328 2219 371 2248 ut
401 2210 505 2263 pium
537 2208 699 2250 fratrem
758 2205 911 2263 senti.]
934 2209 992 2247 Ad
1013 2209 1250 2262 pensandam
1271 2209 1372 2250 hane

90 2282 231 2326 ageret
253 2270 374 2324 magis
394 2298 405 2318 ,
436 2273 551 2323 quam
571 2271 699 2311 civem
763 2274 999 2324 praesentem
1055 2269 1229 2311 recentis
1281 2267 1376 2311 facti

94 2333 230 2387 legum
272 2333 565 2372 observantem.
605 2333 698 2381 Sic,
765 2330 1130 2385 reprehensionem,

92 2394 123 2435 l.
149 2393 232 2434 VII
261 2421 273 2440 ‚
309 2408 343 2433 c.
378 2406 413 2443 5.
445 2392 698 2447 Consilium...
829 2405 846 2444 3
871 2394 938 2432 Ad
963 2393 1115 2431 civilem
1140 2392 1319 2433 habitum.
1344 2390 1370 2446 Ῑ

92 2470 170 2495 non
208 2454 337 2494 civilis
376 2457 558 2509 exempli.
761 2454 823 2495 Ad
845 2456 1002 2494 modurn
1029 2453 1092 2505 qui
1115 2455 1239 2494 civem
1264 2455 1368 2493 libe-

159 2527 174 2555 1
204 2516 329 2575 Quum
359 2518 545 2557 auxilium
568 2546 578 2557 .
605 2518 697 2571 pol·-
761 2532 812 2556 rae
838 2517 1068 2568 reilmbl3cae
1093 2516 1233 2555 deceat
1256 2545 1266 2562 ,
1296 2512 1366 2568 qui

90 2575 329 2634 licentum]
352 2578 500 2623 Melius
529 2581 697 2637 pollice·
761 2591 841 2618 non
877 2575 1025 2616 officiat
1065 2578 1283 2631 aequalitati
1312 2575 1368 2619 ci·-

87 2650 171 2683 tur,
762 2639 870 2694 yium
897 2638 1000 2681 inter
1031 2637 1087 2681 se»
