1680 3052
352 119 431 198 96
638 119 695 180 T
739 136 762 179 1
807 138 849 180 T
891 136 916 179 ι
1000 121 1047 178 L
1093 136 1114 178 1
1158 135 1204 178 v
1247 136 1269 177 1
1311 135 1336 177 1

152 202 579 276 U.c.554-t³baffl¹‘’
615 201 827 269 praefidia
864 219 953 270 per
994 201 1271 252 occasiones
1311 198 1667 260 submittebat&

151 278 345 327 a.C.198.
425 269 570 322 XVI.
593 269 690 320 Sub
707 272 841 321 idem
868 271 968 320 fere
987 284 1181 336 ternpus
1199 308 1214 331 ‚
1239 287 1338 334 quo
1365 270 1531 320 consul
1551 272 1642 321 ad-

147 336 525 398 ‘aquia-versus
575 338 851 406 Philippum
890 340 1100 404 primum
1152 340 1203 386 in
1250 336 1379 404 Epiri
1423 337 1641 397 faucibus

154 402 207 446 ‘5²‘
286 407 502 457 mcastra
535 408 722 474 posuit,
760 409 815 456 &
855 406 913 455 L.
950 405 1183 471 Quintius
1212 403 1358 456 frater
1395 406 1639 468 consulis,

151 464 279 525 gestae.
353 478 431 526 cui
473 474 622 525 claffis
677 494 789 524 cura
835 476 1184 541 maritimaeque
1228 491 1327 523 01·ae
1377 475 1639 541 imperium

350 545 635 595 mandatum
672 544 730 591 ab
766 543 930 592 senatu
966 558 1105 605 erat,
1128 560 1238 591 cum
1273 542 1458 602 duabus
1489 544 1639 610 quin-

348 613 661 680 queremibus
703 610 980 678 Corcyram
1018 609 1347 672 transveElus‚
1382 609 1637 677 postquam

350 679 619 748 profeciam
650 680 762 730 inde
797 678 986 730 claffem
1022 680 1234 740 audi-vit,
1280 680 1396 727 nihil
1431 695 1656 730 moran-->

348 749 467 797 dum
505 763 659 808 ratus,
697 767 844 816 quum
883 765 911 797 2
946 747 1007 797 ad
1039 748 1240 797 Zamam
1271 746 1473 796 insulam
1508 746 1638 798 affe-

350 833 491 866 cutus
528 815 676 876 esset,
711 816 899 867 dimisso
928 816 984 867 L.
1018 808 1218 883 Apustio
1239 853 1254 876 ,
1288 818 1363 865 cui
1401 815 1640 867 succeffe-

348 901 423 936 tat
441 924 457 947 ‚
491 886 624 936 tarde
655 886 768 936 inde
789 887 849 935 ad
871 884 1088 935 Maleam
1105 922 1120 946 ‚
1149 883 1393 935 trahendis
1415 885 1643 951 plerum-

348 970 447 1021 que
486 955 703 1005 remulco
732 954 965 1016 navibus,
995 971 1104 1021 quae
1127 971 1237 1002 cum
1267 968 1546 1003 commeatu
1570 954 1644 1005 se-

349 1024 623 1090 quebantur
644 1061 659 1083 ,
691 1025 933 1090 pervenit.
970 1023 1018 1071 A
1055 1021 1255 1080 Malea,
1288 1019 1415 1085 juffis
1463 1025 1640 1073 ceteris

347 1095 584 1160 quantum
623 1092 832 1141 maxime
882 1089 1075 1158 poffent
1128 1105 1150 1157 3
1199 1090 1434 1140 maturate
1469 1092 1638 1158 sequi,

346 1160 447 1227 ipse
503 1161 654 1210 tribus
703 1159 1133 1228 quinqueremibus
1188 1158 1429 1225 expeditis
1481 1175 1513 1220 4
1552 1157 1640 1209 Pi-

347 1246 529 1279 raeeum
571 1231 829 1297 praecepit,
860 1231 1146 1295 accepitque
1177 1244 1326 1277 naves
1357 1227 1422 1275 ibi
1452 1226 1638 1280 relicias
1666 1264 1672 1267 -

349 1299 411 1347 ab
431 1298 487 1347 L.
506 1297 713 1366 Apustio
745 1299 909 1366 legato
940 1299 1000 1346 ad
1021 1294 1290 1365 praesidium
1313 1294 1639 1348 Athenarum.

199 1364 543 1438 'ClaffisEodem
561 1382 786 1434 tempore
809 1405 822 1426 ‚
846 1366 952 1415 duae
973 1384 1032 1416 ex
1058 1363 1169 1414 Afia
1188 1361 1351 1413 claffes
1372 1363 1601 1431 profeciae
1619 1403 1637 1426 ‚

150 1447 289 1492 Attali
307 1445 380 1503 ἃς
404 1455 498 1486 una
522 1454 633 1485 cum
658 1435 826 1486 Attalo
851 1451 966 1503 rege
985 1473 1000 1496 ‚
1025 1432 1132 1500 (eae
1158 1447 1364 1499 quatuor
1389 1433 1443 1482 &
1463 1434 1640 1501 viginti

151 1513 331 1554 Rhodio·
354 1506 732 1572 quinqueremes
775 1518 912 1554 erant
944 1502 965 1571 )
1015 1501 1208 1551 Rhodia
1248 1502 1429 1560 altera,
1464 1503 1642 1568 viginti

147 1589 248 1618 rum.
351 1575 549 1624 navium
585 1574 854 1624 testarum:
886 1570 1257 1640 Agesimbrotus
1291 1586 1509 1636 praeerat.
1543 1569 1640 1619 Hae

349 1644 475 1691 circa
508 1642 732 1692 Andrum
764 1641 966 1690 insulam
1005 1637 1167 1689 classes
1201 1637 1468 1704 conjunclae
1489 1677 1504 1694 ,
1539 1637 1639 1689 Eu'-

347 1712 516 1761 boeam
542 1712 656 1761 inde
679 1712 856 1781 exiguo
883 1708 1139 1758 distantem
1169 1706 1297 1757 freto
1321 1706 1639 1772 trajecerunt.

347 1779 687 1847 Carystiorum
721 1781 933 1847 primum
963 1794 1101 1845 agros
1134 1774 1378 1826 vastarunt
1405 1794 1416 1826 ε
1455 1776 1639 1827 deinde

346 1850 429 1898 ubi
467 1848 698 1916 Carystus
716 1887 730 1910 ‚
764 1847 984 1915 praefidio
1011 1864 1038 1895 a
1065 1844 1300 1895 Chalcide
1331 1846 1506 1910 raptim
1528 1844 1638 1894 mis-

345 1918 398 1967 so
416 1957 429 1977 ‚
451 1917 589 1966 firma
620 1916 717 1968 visa
739 1916 805 1966 est
823 1955 838 1978 ,
859 1916 920 1966 ad
943 1914 1177 1965 Eretriam
1211 1911 1518 1962 accefferunt.
1537 1911 1639 1963 Eo-

346 1986 460 2035 dem
489 1988 543 2035 &
576 1985 629 2035 L.
655 1986 913 2052 Quintiu5‚
947 2001 1056 2033 cum
1080 1984 1136 2031 iis
1171 1981 1375 2030 navibus
1409 1998 1515 2048 quae
1549 1980 1638 2030 Pi-

344 2056 457 2106 raeei
488 2054 712 2117 fuerant,
747 2054 902 2105 Attali
933 2054 1059 2122 regis
1081 2051 1295 2102 adventu
1314 2050 1513 2112 audite,
1546 2067 1637 2106 ve·-¹

406 2201 433 2229 2
455 2186 523 2229 Ad
545 2187 707 2228 Zamam
729 2185 910 2242 insulam.
929 2188 949 2242 J
1087 2198 1105 2238 5
1128 2184 1220 2228 Una
1241 2199 1322 2224 cum
1334 2183 1480 2226 Attalo
1498 2181 1628 2240 rege]

338 2250 389 2292 Id
407 2251 460 2291 est
474 2279 484 2297 ,
505 2251 647 2291 Samen
665 2279 678 2296 ‚
703 2266 817 2304 quarn
835 2251 955 2304 pleri·
1018 2248 1162 2293 Docet
1183 2248 1319 2299 Livius
1353 2246 1454 2286 infra
1482 2260 1518 2285 c.
1546 2260 1630 2298 27,

339 2327 422 2367 que
447 2313 628 2352 eamdem
658 2327 746 2352 cum
775 2312 954 2366 Cephal·
1019 2311 1268 2352 Antiochum
1293 2311 1522 2362 legatorum
1548 2307 1634 2348 Ro-

341 2375 446 2415 lenia
467 2375 590 2414 insula
611 2374 687 2414 effe
705 2384 863 2428 putant.
1020 2386 1227 2425 manorum
1271 2370 1509 2410 auetoritate
1547 2384 1634 2409 mo·
1664 2416 1673 2427 .

407 2448 427 2490 3
446 2434 652 2477 Mazarae&
662 2433 811 2490 sequi]
821 2434 955 2492 Magis
1018 2445 1102 2476 tum
1122 2463 1133 2481 ,
1155 2432 1284 2474 Attali
1305 2431 1450 2472 finibus
1471 2431 1631 2472 exerci'-

340 2500 524 2555 placeret
545 2511 739 2538 maturare
762 2495 891 2553 sequi.
1019 2507 1102 2538 tum
1137 2494 1355 2537 deduxisse.
1382 2494 1475 2534 Hoc
1494 2494 1631 2546 itaque

403 2574 435 2612 4
485 2560 670 2603 Piraeeum
714 2560 950 2615 praecepit.]
1019 2569 1128 2598 metu
1161 2558 1262 2597 liber
1300 2556 1461 2596 Attalus
1499 2555 1631 2609 potuit

339 2621 606 2665 Antecedens
636 2623 827 2679 reliquam
862 2622 955 2664 clas-
1018 2635 1094 2676 pro
1123 2633 1235 2660 more
1255 2617 1462 2659 Romanos
1486 2617 1630 2670 juvare

339 2685 422 2730 sem
442 2714 458 2739 ,
479 2686 677 2729 Piraeeum
709 2684 859 2731 tenuit·
1018 2679 1154 2731 claffe.
1174 2682 1276 2730 vid.
1291 2681 1406 2739 supra
1424 2696 1461 2724 c.
1482 2679 1521 2729 8,
1554 2735 1589 2790 ‘t

1517 2751 1567 2789 ni
1596 2745 1623 2805 ζ’
