1680 3052
372 139 486 197 190
651 119 706 178 T
750 136 770 176 1
815 136 856 177 T
899 136 922 176 1
1015 120 1062 176 L
1109 135 1132 175 1
1176 138 1222 178 v
1265 136 1287 177 1
1335 134 1359 176 1

150 204 571 272 U‚0‚55(3,naciam‚
603 201 737 267 spem
759 201 1022 250 conahatur
1043 200 1205 251 facere
1223 239 1241 260 ,
1267 200 1403 251 brevi
1421 218 1524 268 quae
1543 218 1651 270 ped»

148 276 324 328 a.C.196
355 286 513 319 terent
549 270 830 329 habituros3
869 270 898 318 8
932 269 1012 318 sed
1037 287 1185 336 quum
1209 270 1315 318 satis
1347 269 1646 337 &ipfis‚&:

353 341 580 389 omnibus
613 339 714 387 aliis
747 352 1040 404 appareret,
1075 339 1134 386 ab
1172 354 1287 404 rege
1325 340 1632 404 impetratam

351 424 440 457 eos
486 407 797 465 libertatem,
831 423 933 454 non
984 421 1068 472 per
1105 407 1411 455 occasionem
1451 423 1647 473 raptam

349 476 550 525 habere.
577 474 822 524 Adversus
853 491 957 540 quae
985 472 1370 540 respondebant,
1401 477 1638 525 Nihilne..

350 563 438 610 que
471 544 660 602 mirari,
699 562 838 608 neque
851 542 1110 608 fitccensere
1146 545 1429 594 Antiochum
1451 545 1603 592 debere
1618 581 1643 608 ,¹

345 612 531 678 fispem
570 612 799 660 libertatis
847 609 1019 677 defferri
1054 630 1144 660 non
1170 612 1291 677 satis
1323 629 1449 676 aequo
1484 613 1634 664 animo

347 695 628 746 paterentur.
657 678 764 744 lpse
786 680 923 728 initio
955 682 1081 729 veris
1098 719 1113 740 ‚
1137 679 1339 730 navibus
1358 681 1417 728 ab
1445 678 1632 746 Epheso

350 747 631 814 proseehis,
667 746 1040 812 Hellespontum
1075 750 1197 814 petit
1235 768 1247 797 ε
1279 746 1522 798 terrestres
1552 766 1645 799 co-.

177 819 453 889 Cherso-piass
479 815 741 882 Madytum
763 815 936 880 trajicit
952 853 966 877 ‚
996 814 1283 866 Chersonesi
1307 817 1479 866 urbem
1502 834 1513 865 ε
1541 833 1635 867 ter-

145 894 279 946 nefum
350 885 482 935 restri
506 886 728 934 navalem
759 887 1025 934 exercitum
1054 883 1209 949 junxit
1241 902 1251 933 :
1279 885 1333 934 &
1361 887 1473 952 quia
1499 885 1634 935 clau-

145 968 331 1014 occupat„
350 953 505 1004 serant
529 969 694 1020 portas
715 992 729 1012 ‚
750 953 1066 1003 circumdedit
1082 955 1261 1004 moenia
1287 956 1507 1003 armatis:
1530 968 1559 1019 9
1583 955 1646 1006 δι’

349 1022 449 1089 jam
473 1038 626 1089 opera
649 1022 960 1084 admoventi,
983 1022 1171 1071 deditio
1194 1021 1259 1072 est
1279 1021 1423 1083 fa&a;
1452 1039 1471 1069 1
1502 1022 1655 1142 ἰῃῐ

349 1105 510 1141 metus
530 1107 631 1139 tum
665 1092 934 1140 incolentes
963 1092 1077 1140 alias
1103 1090 1394 1141 Chersonesi
1427 1091 1559 1141 urbe

347 1160 657 1210 deditionem
689 1159 840 1209 dedit.
875 1158 1227 1226 Lysimachiam
1260 1160 1375 1209 inde
1411 1159 1636 1211 omnibus

348 1228 487 1278 simul
531 1228 781 1278 navalibus
821 1229 1209 1296 terrestribusque
1252 1230 1405 1295 copiis
1452 1230 1632 1279 venit:

348 1315 496 1365 quam
527 1315 673 1363 quum
710 1297 945 1347 desertam
976 1316 1031 1347 ac
1068 1298 1260 1347 stratam
1302 1313 1458 1364 prope
1490 1298 1634 1347 ruinis

347 1365 603 1417 invenisset
625 1405 640 1428 ‚
677 1363 953 1432 (ceperant
994 1381 1156 1417 autem
1187 1367 1525 1433 direptamque
1555 1366 1637 1413 in-

347 1435 615 1485 cenderant
648 1433 865 1484 Thraces
906 1437 1070 1500 paucis
1099 1436 1208 1485 ante
1243 1433 1420 1502 annis)
1452 1433 1631 1499 cupido

348 1520 461 1554 eum
486 1501 765 1553 restituendi
797 1503 1018 1553 nobilem
1051 1505 1221 1554 urbem
1244 1541 1260 1564 ‚
1285 1504 1338 1552 &
1359 1504 1473 1552 loco
1499 1501 1642 1551 fitam·

345 1587 634 1639 opportuno
657 1610 671 1633 ‚
701 1574 846 1637 cepit.
875 1571 1044 1638 Itaque
1080 1574 1216 1623 omni
1249 1570 1362 1619 cura
1392 1569 1529 1619 fimul
1564 1569 1632 1620 est

346 1639 585 1709 aggressus
604 1679 621 1702 ‚
653 1640 706 1690 &
723 1640 847 1693 tecla
872 1641 1129 1708 murosque
1152 1640 1425 1700 restituere,
1451 1639 1504 1688 &
1527 1657 1644 1706 par«

158 1711 436 1778 Lyfima-tim
464 1710 706 1759 redimere
748 1708 1010 1759 servientes
1039 1708 1450 1776 Lyfimachienses
1472 1747 1486 1768 ,
1517 1727 1632 1774 par-

90 1821 94 1824 ,
145 1785 272 1824 chiam
346 1779 434 1827 tim
472 1777 586 1846 fuga
616 1776 797 1844 sparsos
824 1795 911 1844 per
941 1778 1319 1845 Hellespontum
1352 1775 1632 1826 Chersone-

143 1847 329 1897 nstituit.
345 1847 543 1914 sumque
584 1848 871 1913 conquirere
902 1847 1283 1913 contrahereque
1303 1884 1317 1907 ‚
1342 1847 1515 1912 partim
1537 1848 1641 1906 no„-

345 1934 436 1967 vos
456 1916 661 1965 colonos
679 1953 694 1976 ,
713 1913 795 1981 spe
830 1915 1211 1965 commodorum
1230 1912 1479 1982 proposita
1500 1951 1514 1975 ,
1537 1913 1642 1969 ad·-¹

344 1984 548 2034 scribere
569 2021 584 2045 ,
617 1984 670 2032 &
699 1985 836 2032 omni
859 1984 1014 2034 modo
1039 1983 1380 2052 frequentare:
1410 1981 1545 2032 fimul
1577 1995 1630 2033 ut

342 2052 591 2101 Thracum
622 2051 1008 2102 summoveretur
1032 2069 1224 2114 metus,
1257 2051 1354 2119 ipse
1387 2065 1522 2117 parte
1552 2051 1638 2099 di-

342 2121 492 2173 midia
524 2120 817 2171 terrestrium
854 2123 1105 2188 copiarum
1137 2122 1200 2172 ad
1227 2119 1640 2188 depopulandum·

404 2246 431 2288 8
451 2244 808 2301 Sedquumsatis.]
828 2247 953 2290 Polli·
1078 2259 1105 2302 9
1138 2249 1196 2291 Et
1216 2249 1350 2305 jam.]
1379 2245 1532 2289 Melius
1553 2244 1636 2303 sed?

339 2319 459 2350 cetur
473 2309 701 2350 Antiochus
718 2310 952 2364 Lampsace·
1007 2310 1108 2365 jam.

342 2372 435 2419 nis,
466 2371 582 2412 brevi
608 2385 680 2411 eos
711 2387 798 2425 quae
830 2384 954 2426 pete·
1073 2385 1090 2413 1
1108 2372 1434 2414 Idemmetustum
1447 2370 1631 2411 incolen-

339 2443 467 2479 rent‚
504 2446 648 2486 nempe
684 2434 911 2473 libertatem
940 2463 951 2482 ,
1016 2435 1440 2488 tes-,ffLaterevidetur
1457 2432 1620 2486 aliquod

339 2495 550 2535 habituros
582 2509 595 2542 ;
628 2493 696 2534 sed
743 2506 827 2535 tum
877 2497 949 2536 de-
1012 2496 1150 2537 vitium
1183 2497 1222 2536 in
1250 2496 1311 2536 his
1343 2495 1509 2535 vocibus
1541 2504 1633 2534 tutn'

340 2571 474 2605 mum,
492 2570 613 2611 quum
639 2557 837 2597 constaret
861 2571 949 2597 eam
1012 2558 1229 2598 incolentes
1249 2585 1259 2605 ,
1287 2572 1374 2611 quae
1409 2557 1451 2598 ὅ(
1478 2556 1635 2602 otiosa&

336 2617 595 2672 impetratam
620 2619 669 2657 ab
698 2632 796 2672 rege
818 2646 830 2665 ,
866 2634 948 2660 non
1011 2619 1100 2662 sunt
1119 2648 1132 2670 ‚
1152 2620 1194 2665 &
1212 2620 1480 2677 ineleganteso

337 2691 492 2737 raptam
509 2694 584 2738 per
599 2678 866 2725 occasionem.

1668 1055 1675 1081 1
