1680 3052
294 111 339 169 L
383 119 406 167 Ἰ
453 125 488 167 Β
538 125 573 167 E
616 127 656 168 R
740 108 1142 167 XXXVII.
1263 125 1379 184 439

63 191 66 197 '
112 202 219 238 rent
244 204 418 240 terram
446 208 457 239 :
489 191 570 241 sed
606 206 763 255 neque
799 193 920 237 circa
954 191 1123 238 urbem
1157 203 1258 238 tuta
1293 190 1471 247 tta-'Le
1498 205 1590 255 562.

111 256 179 305 tio
216 275 316 306 erat
337 298 351 317 ,
389 276 478 307 nec
514 276 623 308 ante
654 257 860 306 hostium
893 273 1058 323 portus
1081 260 1127 304 in
1150 257 1243 305 salo
1265 256 1382 307 stare
1407 261 1587 313 1·C.190·

111 339 366 386 poterant,
407 326 573 392 aspero
617 328 771 386 mari,
812 326 863 373 &
898 324 1038 373 nocte
1080 327 1382 374 imminente.

40 392 41 396 ’
109 388 410 443 Praeterveffi
431 397 607 443 moenia
629 432 643 455 ‚
662 409 856 459 portum
878 409 897 459 5
922 392 1236 441 Phoenicunta
1254 430 1267 452 ,
1294 396 1386 440 mi-

109 461 198 507 nus
230 461 378 510 duum
413 463 614 511 millium
648 463 798 528 spatio
828 461 943 509 inde
974 459 1223 510 distantem
1246 498 1258 519 ,
1294 477 1385 524 pe-

107 527 255 590 tiere,
286 530 486 578 navibus
514 549 539 578 a
574 532 809 578 maritima
843 532 893 578 vi
926 544 1082 577 tutum
1115 551 1127 578 :
1159 527 1239 577 sed
1275 529 1381 575 altre

107 609 250 661 rupes
296 598 484 664 insuper
509 599 857 656 imminebant,
889 614 1003 663 quas
1033 597 1252 645 celeriter
1288 614 1381 661 op-

107 663 270 728 pidani
287 702 301 726 ‚
321 665 561 732 affumptis
586 666 726 732 regiis
747 666 975 714 militibus
997 702 1012 725 ,
1032 682 1155 730 quos
1185 665 1232 711 in
1251 682 1382 729 prae-

106 728 225 780 sidio
257 734 529 794 habebant,
565 747 828 799 ceperunt3
861 733 1090 783 adversus
1137 749 1260 796 quos
1296 730 1382 779 Li·-

105 800 246 860 vius,
281 819 552 868 quanquam
599 816 732 851 erant
771 803 930 866 iniqua
970 819 1025 848 ac
1069 799 1277 847 difficilia
1318 799 1378 847 ad

108 869 258 915 exitus
291 871 394 918 loca
412 907 426 929 ‚
457 868 613 918 Issaeos
633 869 881 918 auxiliares
901 907 914 927 ‚
938 869 990 916 &
1017 867 1384 932 Smyrnaeorum

106 937 359 999 expeditos
381 936 583 1000 juvenes
612 936 751 985 misit.
782 936 853 996 Ii,
886 937 1000 983 dum
1023 934 1264 983 missilibus
1287 937 1387 999 pri-

109 1004 190 1050 m‘o
211 1041 223 1062 ‚
254 1006 305 1052 ὃς
344 1006 572 1054 adversus
602 1023 781 1071 paucos
817 1004 1002 1053 levibus
1026 1002 1381 1052 excursionibus

86 1069 417 1121 ,lacess'ebatur
453 1074 605 1140 magis
640 1073 784 1138 quam
818 1072 1154 1121 conserebatur
1191 1088 1380 1137 pugna,

104 1137 418 1188 sustinuerunt
446 1158 686 1190 certamen
713 1157 728 1200 3
775 1139 1087 1206 posteaquam
1117 1140 1275 1205 plures
1321 1140 1380 1186 ab

105 1206 223 1256 urbe
255 1206 540 1269 affluebant,
563 1210 613 1257 δε
642 1207 738 1273 jam
768 1210 924 1256 omnis
944 1207 1202 1257 multitudo
1225 1204 1378 1276 eoffun-

107 1273 340 1335 debatur,
375 1279 522 1325 timor
552 1275 733 1325 inceffit
763 1275 955 1325 Livium
977 1312 992 1335 ‚
1021 1293 1081 1325 ne
1108 1277 1160 1324 δὲ
1185 1276 1383 1324 auxilia-

106 1358 183 1391 res
203 1344 661 1394 circumvenirentur
679 1382 693 1404 ‚
715 1344 768 1393 &
791 1344 992 1394 navibus
1027 1346 1173 1393 etiam
1204 1344 1261 1391 ab
1286 1357 1383 1391 ter-

104 1427 155 1458 ra
188 1412 453 1475 periculum
485 1411 630 1471 effet3
660 1414 726 1461 ita
753 1430 853 1461 non
879 1413 1054 1460 milites
1086 1411 1238 1460 solum
1257 1448 1270 1470 ,
1301 1410 1383 1459 sed

101 1479 249 1526 etiam
271 1479 301 1528 6
328 1480 522 1528 navales
543 1479 695 1530 socios
713 1517 729 1541 ,
760 1482 997 1546 remigum
1027 1480 1215 1528 turbam
1235 1516 1249 1538 ,
1269 1481 1384 1544 qui-

103 1545 194 1594 bus
225 1547 417 1613 quisque
454 1563 645 1613 poterat
689 1548 797 1598 telis
826 1562 1034 1596 armatos
1071 1549 1121 1595 in
1161 1548 1383 1612 praelium

102 1613 289 1663 eduxit.
322 1614 453 1663 Tum
484 1632 679 1681 quoque
712 1633 889 1682 anceps
933 1633 1094 1681 pugna
1126 1613 1215 1662 fuit
1250 1631 1259 1661 ε
1290 1631 1384 1664 ne·-

94 1698 201 1748 ⁴que
222 1682 396 1732 milites
428 1683 579 1731 solum
605 1685 788 1748 aliquot
808 1722 822 1743 ‚
852 1683 932 1732 sed
967 1683 1022 1731 L.
1057 1681 1282 1748 Apustius
1306 1697 1384 1730 tu-

103 1749 364 1800 multuario
396 1753 562 1815 praelio
588 1753 799 1810 cecidit3
832 1749 1074 1817 postremi>
1112 1766 1274 1800 tamen
1294 1749 1384 1798 fusi

103 1815 352 1884 fugatique
391 1818 494 1867 sunt
527 1819 696 1885 Lycii,
719 1833 862 1884 atque
884 1822 932 1866 in
956 1819 1124 1867 urbem
1158 1818 1386 1883 compul-

102 1882 141 1937 fi
176 1902 187 1934 ε
216 1887 267 1936 &
297 1885 508 1936 Romani
538 1905 647 1936 cum
680 1887 806 1937 haud
833 1888 1082 1936 incruenta
1104 1885 1302 1935 victoria
1321 1885 1383 1935 ad

172 2044 189 2086 ς
226 2031 526 2086 Phoenicunta]
549 2032 712 2075 Phoeni·
771 2049 858 2089 gum
875 2032 1068 2086 turbam]
1090 2033 1268 2073 Navales
1279 2029 1385 2086 socii

102 2108 176 2135 cus
195 2107 337 2148 portus
354 2122 363 2140 ‚
382 2096 430 2135 de
457 2109 537 2150 quo
559 2096 710 2136 mentio

101 2155 149 2196 fit
172 2158 230 2200 ,1.
251 2156 471 2202 XXXVI,
492 2169 676 2197 extremo
696 2186 708 2205 ,

103 2218 200 2259 nibil
227 2220 306 2258 huc
324 2218 501 2271 pertinet
517 2247 530 2264 ,
552 2219 592 2258 in
614 2218 712 2274 Ery-

103 2281 227 2320 thraea
247 2291 353 2321 terra
382 2279 529 2334 positus
553 2308 564 2329 ,
590 2280 710 2333 longe

102 2343 153 2381 ab
174 2342 309 2397 Lyciae
333 2356 402 2381 ora
423 2369 434 2388 ,
462 2342 510 2381 de
540 2357 615 2394 qua
646 2342 711 2382 hic

105 2402 251 2458 agitur.
280 2403 396 2457 Legit
422 2402 508 2445 Jac.
542 2403 713 2445 Grono-

103 2465 195 2505 vius
234 2463 415 2504 Phellmn
438 2492 449 2512 ,
492 2466 628 2504 urbem
669 2465 710 2505 ἃ

104 2536 266 2580 portum
299 2539 378 2564 non
416 2524 534 2581 longe
569 2525 710 2567 distan-

105 2596 187 2628 tem
218 2601 235 2624 a
269 2585 433 2626 Pataris.

169 2648 194 2691 6
216 2647 393 2688 Navales
408 2645 539 2702 socios
555 2676 571 2698 ,
594 2648 707 2689 remi-

773 2096 973 2136 intetdum
993 2095 1079 2134 sunt
1097 2105 1229 2134 nautae
1248 2109 1293 2134 ac
1313 2109 1384 2134 re-

775 2158 900 2212 miges
933 2185 944 2205 ,
989 2157 1189 2196 interdum
1236 2156 1383 2195 milites

774 2219 935 2259 tuendis
974 2219 1141 2258 navibus
1183 2217 1383 2257 attributi.

772 2281 871 2320 Viti.
893 2290 982 2321 not.
1006 2291 1025 2330 3
1051 2309 1060 2325 ,
1083 2280 1130 2319 ad
1151 2278 1286 2329 XXI,
1306 2290 1385 2330 49.

774 2342 814 2382 Si
847 2342 957 2396 prior
992 2342 1123 2382 sensus
1154 2341 1216 2381 hic
1248 2341 1383 2380 locum

772 2404 893 2443 habet
913 2424 931 2451 ‚⁷
951 2404 1030 2443 hoc
1047 2403 1270 2457 membrum
1291 2429 1302 2448 ,
1325 2415 1385 2441 re-

773 2462 910 2520 migum'
926 2464 1073 2504 turbam
1088 2492 1100 2511 ‚
1113 2463 1254 2503 inutile
1268 2462 1381 2502 addi·

772 2537 991 2566 ramentum
1013 2524 1065 2565 est
1081 2539 1093 2571 ;
1110 2523 1134 2564 fi
1154 2523 1348 2577 posterior
1362 2550 1376 2573 ‚

773 2589 863 2642 lege
886 2587 921 2628 ὃ·
940 2587 1119 2641 remigum
1136 2584 1300 2625 turbam.

1044 2701 1102 2752 ’Τ
1129 2705 1178 2754 iv
