1680 3052
243 101 290 159 L
334 116 356 155 1
401 112 437 154 Β
484 112 519 153 E
570 113 612 155 R
696 95 1152 156 XXXVIII.
1246 114 1355 178 579

75 180 214 248 'quam
252 195 274 244 3
313 180 548 227 detreHare
589 178 779 227 virtutes
805 213 820 236 ‚
857 193 1132 244 corrumpere
1164 180 1413 230 honoresU.
1421 200 1456 230 c.
1464 187 1556 240 565.

80 267 139 297 ac
163 249 352 314 praemia
384 264 553 295 earum.
585 244 744 305 Mihi,
776 245 954 310 quaesb,
981 247 1049 293 ita
1085 247 1355 322 ignosiasis,
1367 254 1402 285 ὃ·
1409 242 1456 286 (3·
1463 243 1560 295 137·

80 315 247 364 Patres
285 314 547 379 Conscripti
562 350 580 371 ,
614 313 660 376 fi
694 313 935 379 longiorem
978 315 1225 362 orationem
1265 334 1358 364 non

80 384 313 450 cupiditas
339 383 573 448 gloriandi
601 381 655 428 de
689 398 754 428 me
780 416 795 439 ‚
816 379 903 446 sed
925 377 1170 443 neceffitria
1201 384 1357 430 crimi-

80 468 187 499 num
215 449 406 515 defensio
428 449 564 514 ficit.
593 450 679 498 Aa
714 449 848 496 etiam
874 465 958 514 per
991 447 1232 497 Thraciam
1252 450 1362 513 sal-

81 532 156 566 tus
183 533 419 584 patentes,
441 519 519 582 qui
547 516 718 583 angusti
753 532 879 563 erant
900 553 917 574 ,
950 516 994 564 6»
1016 515 1165 581 plana
1200 532 1257 562 ex
1280 535 1362 564 ar-

83 587 231 642 duis,
272 586 316 633 6·
361 585 486 633 culta
519 602 576 632 ex
607 582 901 648 sylvestribus
923 581 1080 648 fhcere
1114 584 1280 648 potui,
1313 583 1363 632 6·

77 654 284 719 praestare
326 653 494 701 necubi
541 653 661 700 notis
695 652 786 714 sbi
836 651 1024 699 latebris
1056 650 1362 715 delitefierent

84 720 286 768 latrones
315 721 545 778 Thraces,
568 737 622 767 ne
647 720 762 782 quid
783 718 1071 782 sarcinarum
1094 734 1364 783 raperetur,

80 805 137 836 ne
175 788 298 852 quod
329 785 581 851 jumentum
614 802 671 834 ex
708 800 836 834 tanto
871 787 1046 852 agmine
1079 785 1361 850 abstrahere-

81 869 193 912 tur,
225 873 279 903 ne
314 855 416 920 quis
454 854 769 902 vulneraretur
792 889 810 911 ‚
854 871 908 900 ne
958 871 1017 901 ex
1056 854 1243 901 vulnere
1286 854 1364 903 vir

75 891 219 988 fhrtis
253 939 309 969 ac
329 922 537 987 strenuus
567 925 629 986 Q.
665 919 909 968 Minucius
934 922 1217 970 moreretur?
1238 937 1271 980 4
1303 923 1363 971 In

81 989 165 1036 hoc
195 988 333 1053 casu,
352 1007 438 1053 quo
469 987 712 1049 infeliciter
740 988 941 1045 incidit,
970 1004 1020 1037 ut
1050 989 1187 1037 talem
1217 990 1363 1038 civem

79 1057 383 1104 amitteremus
415 1093 430 1116 ‚
463 1057 642 1103 licerent.
683 1054 825 1120 Qubd
856 1053 985 1119 saltu
1025 1057 1221 1121 iniquo,
1258 1057 1361 1106 loco

76 1124 270 1181 alieno,
289 1141 420 1189 quum
453 1125 640 1171 adortus
668 1123 801 1199 kostis
832 1139 922 1171 nort
943 1121 1078 1188 effet,
1106 1125 1204 1171 duae
1220 1126 1268 1188 s
1267 1125 1365 1174 mul

82 1192 210 1238 acies
254 1191 392 1257 primi
436 1190 482 1239 6³
523 1189 743 1253 noviffimi
777 1191 973 1256 agminis
1018 1193 1249 1240 haerentem
1298 1192 1368 1240 ad

82 1260 404 1324 impedimenta
444 1259 590 1324 nostra
638 1259 880 1305 exercitum
925 1258 1217 1308 barbarorum
1264 1261 1365 1308 cir-

87 1340 445 1384 cumvenerunt;
469 1325 590 1390 quad
614 1325 757 1373 multa
789 1325 941 1372 millia
964 1326 1059 1392 ipso
1092 1328 1198 1387 die,
1221 1327 1365 1392 plura

82 1393 223 1442 mult&
255 1395 351 1459 post
386 1363 485 1441 dies
513 1409 692 1458 paucos
730 1394 982 1441 ceciderunt
1027 1392 1072 1441 6·
1102 1409 1362 1459 ceperunt·
1336 1431 1358 1453 ‚

79 1462 166 1510 hoc
190 1461 238 1538 Ji
267 1462 352 1526 ipfi
389 1460 648 1519 tacuerint,
683 1478 766 1508 vos
795 1459 1032 1524 scituros,
1067 1478 1201 1525 quum
1239 1463 1360 1527 testis

78 1530 304 1577 orationis
334 1544 436 1576 meae
468 1542 590 1576 totus
624 1528 846 1575 exercitus
864 1529 964 1591 s
910 1543 928 1575 t
994 1545 1084 1575 nort
1120 1530 1337 1576 credunt.
1331 1528 1357 1561 Ρ

82 1596 139 1644 Si
173 1596 381 1663 gladium
426 1596 476 1643 in
506 1596 624 1659 Asia
660 1612 751 1642 nort
775 1593 1091 1659 strinxiſjem,
1116 1597 1164 1659 fi
1199 1597 1359 1661 hostem

82 1681 174 1711 non
203 1661 442 1725 vidtffem‚·
464 1678 613 1710 tamen
645 1662 914 1727 triumphum
943 1663 992 1709 itt
1020 1630 1216 1710 Tliracia
1245 1665 1362 1712 duo·

81 1730 167 1778 bus
193 1732 368 1796 praeliis
391 1747 648 1777 merueram.
677 1730 784 1778 Sed
800 1747 897 1792 Jam
929 1730 1092 1778 dietum
1116 1729 1238 1794 satis
1261 1733 1359 1797 est·
1334 1768 1355 1790 ,

81 1799 248 1863 quin,
280 1815 363 1864 pro
403 1815 452 1845 eo
486 1796 608 1862 qubd
643 1796 856 1860 pluribus
888 1797 1037 1845 verbis
1066 1815 1189 1857 vos,
1225 1816 1359 1861 quam

85 1865 218 1914 volui
239 1901 254 1924 ‚
273 1864 522 1930 fatigavi,
551 1865 729 1912 veniam
759 1881 789 1910 a
827 1864 955 1912 vohis
983 1864 1174 1930 petitam
1208 1866 1362 1931 impe-

84 1946 339 1995 tratamque
372 1932 541 1990 velim,
554 1933 733 1980 Patres
767 1929 1037 1997 Conscripti.

158 1998 216 2047 L.
255 1998 362 2046 Plus
405 2000 601 2046 crimina
646 2014 707 2046 eo
756 1997 834 2046 die
870 2035 884 2057 ‚
920 1998 1064 2064 quam
1104 1996 1365 2048 defenfio
1344 2036 1364 2060 ,

82 2064 340 2119 valuissent
362 2102 377 2126 ,
411 2067 460 2114 ni
493 2066 856 2116 altercationem
897 2067 945 2115 in
982 2065 1136 2115 serum
1172 2067 1361 2133 perdu-

150 2202 171 2243 3
202 2190 436 2231 Deerat-lare
469 2191 687 2246 virtutes]
755 2192 801 2233 In
841 2191 921 2232 hoc
960 2189 1183 2233 infortunio
1202 2220 1214 2240 ,
1242 2190 1361 2246 cujus

85 2251 330 2294 Obtreaare
359 2253 574 2294 virtutibus
593 2285 604 2304 ‚
625 2254 692 2294 de·
756 2255 911 2307 culpam
925 2252 1034 2294 casus
1050 2253 1222 2301 sustinet,
1236 2268 1366 2310 exag-

86 2314 208 2355 bitam
240 2315 316 2354 illis
354 2314 567 2355 detrahere
607 2315 694 2356 lau·
756 2314 934 2371 geraudo
960 2315 1092 2355 verbis
1113 2315 1267 2356 haerent
1288 2329 1299 2356 t
1319 2317 1361 2356 in

88 2375 180 2415 dem
203 2389 212 2415 ε
232 2376 564 2427 quemadmodum
583 2376 694 2429 supra
755 2391 803 2417 ea
828 2391 871 2417 re
892 2376 1006 2416 multi
1026 2375 1128 2416 sunt.
1149 2375 1205 2417 At
1223 2375 1362 2418 sedule>

89 2438 160 2477 lib.
182 2436 370 2477 XXXIV
387 2468 398 2487 ,
418 2451 453 2476 c.
478 2449 545 2486 15.
565 2439 691 2483 Cato,
756 2448 894 2479 tacent
917 2451 962 2478 ea
985 2451 1071 2490 quae
1099 2436 1192 2477 mihi
1221 2436 1258 2477 in
1283 2438 1363 2480 hoc

91 2498 194 2537 haud
217 2494 315 2550 sane
348 2498 581 2539 detreflator
603 2499 695 2539 lau·
757 2499 842 2553 ipso
880 2499 1018 2553 praelio
1054 2497 1160 2538 laudi
1185 2498 1267 2538 dari
1296 2499 1364 2539 de·

89 2559 181 2600 dum
205 2556 378 2611 suarum.
758 2563 871 2602 bent.
894 2559 1046 2600 Frustra
1062 2568 1193 2599 tamen
1210 2587 1221 2605 ,
1240 2572 1362 2612 quum

155 2631 186 2672 4
202 2617 250 2660 In
267 2620 340 2665 hoc
359 2616 481 2677 casu..
501 2621 695 2679 harena]
760 2622 866 2665 testis
880 2619 973 2664 adfit
994 2620 1123 2658 omnis
1143 2620 1366 2668 exercitus.

1002 2674 1158 2744 Bbij
