1680 3052
325 137 444 184 200
611 120 1318 184 T1T1L1v11

121 217 173 261 U
179 232 211 261 ς
223 230 313 271 557
324 205 478 272 ipsum
499 207 650 273 magis
679 205 825 273 quam
851 206 1074 256 ordinem
1094 203 1343 271 judicum,
1368 222 1465 272 prae
1487 209 1611 274 quo-'⁴-

124 285 160 317 a
167 274 214 317 C
222 285 311 327 195·
325 292 431 322 rum
464 273 680 341 superbia
701 290 843 341 atque
875 276 1047 340 opibus
1072 292 1161 324 nec
1190 275 1324 341 leges
1353 275 1608 353 quicquam

327 340 512 404 essent,
548 359 640 392 nec
675 343 999 409 magistratus,
1033 341 1289 391 accusavit.
1330 341 1432 402 Εἲς
1460 358 1510 391 ut
1535 343 1610 392 se6

327 411 496 459 cundis
532 411 721 459 auribus
756 411 907 476 accipi
939 411 1212 460 orationem
1243 410 1611 472 animadvertit,

323 478 380 528 ὃ(
414 477 690 528 infimorum
727 494 921 544 quoque
960 478 1168 527 libertati
1192 495 1390 545 gravem
1423 477 1514 527 esse
1533 478 1612 528 su-

327 547 546 613 perbiam
582 563 782 605 eorum3
816 546 976 613 legem
1007 549 1256 612 externplo
1288 547 1614 620 promulgavrt

327 615 658 681 pertulitqffue
687 617 754 662 Ut
789 616 837 663 in
864 616 1072 681 singulos
1105 633 1252 663 annos
1269 613 1455 680 judices
1491 617 1617 680 lege-

326 699 525 742 Ῑεηιιιν,·
561 702 614 731 ne
648 683 751 748 quis
786 683 1012 731 biennium
1035 685 1296 732 continuum
1321 681 1473 746 judex
1499 681 1614 746 effit.

332 748 609 809 Ceterum,
642 765 869 816 quantam
899 768 959 800 eo
1004 750 1130 800 facio
1166 751 1225 799 ad
1254 751 1449 829 plebem
1488 753 1617 800 inie-

331 833 406 867 rat
443 821 674 886 gratiam,
708 821 893 868 tantum
935 837 1123 886 magnae
1158 821 1304 885 partis
1345 821 1619 885 principum

165 885 621 943 AErariioffendebat
654 879 861 936 animos.
896 887 1096 951 Adjecit
1125 888 1284 946 aliud,
1321 905 1452 954 quo,
1483 887 1618 938 bono

135 961 278 1017 inopiae
340 957 573 1023 publico,
613 954 695 1004 fibi
727 957 943 1022 proprias
981 956 1237 1005 simultates
1263 957 1480 1003 irritavit.
1512 955 1621 1005 Ve-

138 1025 313 1064 medetur
343 1023 528 1091 &igalia
547 1024 738 1090 publica
756 1026 927 1090 partim
944 1025 1240 1091 negligentia
1259 1024 1620 1072 dilabebantur
1607 1061 1623 1085 ‚

134 1085 332 1128 Annibal·
321 1095 515 1160 ·partim
555 1092 730 1159 praedae
766 1110 819 1140 ac
849 1091 1015 1141 divisui
1044 1095 1315 1159 principum
1343 1091 1624 1158 quibusdam

340 1161 393 1211 &
425 1160 774 1228 magistratibus
805 1175 977 1209 erant:
1009 1163 1124 1228 quin
1162 1170 1204 1211 ὃ(
1241 1163 1480 1226 pecunia,
1517 1178 1625 1227 quae

336 1232 389 1280 in
414 1228 704 1297 stipendium
726 1227 961 1279 Romanis
999 1245 1017 1295 5
1044 1228 1126 1278 suo
1147 1246 1341 1295 quoque
1357 1247 1483 1277 anno
1502 1247 1627 1296 pen-

339 1298 571 1358 deretur,
619 1299 821 1357 deerat,
863 1297 1189 1365 tributumque
1239 1314 1386 1365 grave
1430 1299 1627 1364 privatis

338 1368 594 1417 imminere
625 1366 897 1417 videbatur.

406 1433 611 1492 XLVII.
649 1434 862 1483 Annibal
883 1434 1135 1502 postquam
1166 1434 1420 1502 veffigalia
1449 1449 1627 1502 quanta

337 1502 578 1553 terrestria
627 1505 961 1569 maritimaque
997 1502 1179 1562 estem,
1216 1504 1269 1552 &
1314 1506 1362 1551 in
1398 1522 1513 1570 quas
1552 1522 1627 1554 res

337 1587 685 1640 erogarentur,
724 1572 1098 1632 animadvertit,
1132 1572 1181 1620 ὅ(
1202 1571 1318 1638 quid
1350 1589 1521 1622 eorum
1547 1592 1630 1622 or-

341 1640 512 1689 dinarii
545 1639 820 1707 reipublicae
858 1640 963 1689 usus
998 1639 1371 1700 consumerent,
1396 1657 1629 1706 quantum

340 1709 591 1787 peculatus
618 1722 890 1769 averteret,
928 1709 959 1758 6
993 1710 1216 1758 omnibus
1251 1707 1446 1757 residuis
1474 1728 1630 1789 pecu-

340 1779 433 1828 niis
471 1777 677 1838 exaffis,
703 1777 886 1826 tributo
916 1779 1113 1843 privatis
1138 1776 1365 1837 remiff0‚
1403 1777 1482 1826 sat
1453 1794 1509 1827 is
1545 1779 1630 1828 lo-

342 1846 590 1912 cupletem
629 1846 984 1912 rempublicam
1019 1845 1126 1895 fore
1163 1846 1223 1894 ad
1256 1845 1460 1912 vectigal
1497 1864 1631 1912 prae-

341 1913 565 1964 standum
602 1913 841 1964 Romanis
881 1915 1220 1979 pronunciavit
1257 1915 1304 1962 in
1348 1916 1587 1965 concione
1612 1952 1629 1976 ,

342 1983 397 2033 &
442 1983 657 2049 praestitit
703 1981 1002 2049 promiffum.
1047 1980 1179 2031 Tum
1215 1983 1336 2032 verb
1370 1981 1472 2043 isti,
1508 2002 1633 2050 quos

347 2067 550 2117 paverat
587 2069 675 2118 per
707 2051 890 2118 aliquot
913 2069 1066 2101 annos
1099 2050 1319 2118 publicus
1350 2051 1631 2117 peculatus,

343 2119 482 2169 velut
517 2121 656 2170 bonis
688 2122 866 2186 ereptis
887 2158 902 2181 ‚
933 2130 1034 2169 non
1064 2119 1194 2168 furto
1222 2136 1393 2169 eorum
1414 2121 1635 2171 manibus

346 2202 544 2238 extorto
565 2227 579 2250 ‚
604 2187 774 2237 infenfi
804 2188 855 2238 ὃ(
875 2190 1012 2249 irati,
1048 2187 1300 2238 Romanos
1331 2190 1379 2236 in
1412 2188 1635 2238 Anniba-

344 2256 444 2306 lem
465 2294 483 2316 ,
519 2256 571 2307 ὅ(
603 2256 730 2324 ipsos
765 2255 953 2307 causam
988 2257 1089 2307 odii
1120 2270 1411 2325 quaerentes,
1438 2256 1636 2326 instiga-

417 2380 434 2421 5
459 2369 540 2410 Suo
559 2384 706 2425 quoque
719 2371 869 2424 annm]
886 2370 960 2411 Le·
1025 2386 1112 2425 quae
1143 2385 1262 2424 quum
1287 2370 1452 2424 publicae
1478 2368 1603 2411 essent
1619 2397 1632 2420 ‚

350 2444 402 2487 ge
427 2428 500 2485 suo
531 2447 681 2486 quaeque
712 2447 830 2472 armo.
859 2432 960 2476 Vid.
1025 2432 1132 2487 apud
1145 2434 1326 2486 privatos
1346 2432 1632 2479 recederant,a

351 2505 442 2534 not.
467 2507 490 2533 2
511 2525 522 2544 ‚
550 2494 597 2533 ad
628 2496 655 2534 1.
687 2494 747 2534 ΙΙΙ
771 2520 784 2542 ,
814 2508 850 2537 c.
872 2505 959 2542 223
1025 2494 1190 2548 privatis
1236 2504 1406 2534 retentae
1454 2494 1634 2537 fuerant,

355 2555 398 2597 δί
417 2555 466 2594 ad
486 2557 513 2594 1.
537 2555 663 2595 XXV
689 2582 701 2602 ,
730 2569 765 2595 c.
795 2569 859 2608 17.
1026 2555 1242 2609 Usurpavit
1273 2557 1352 2596 hoc
1379 2556 1482 2596 idem
1512 2569 1634 2596 voca-

416 2617 442 2656 6
466 2617 653 2658 Omnibus
671 2616 829 2671 refiduz’5
846 2631 963 2673 pecu·
1026 2618 1160 2657 bulum
1189 2618 1336 2658 eodem
1352 2616 1466 2660 sensu·
1482 2616 1634 2662 Cicero

354 2676 448 2722 m‘is.
475 2676 494 2730 ]
528 2678 715 2726 Pecuniis
748 2680 933 2727 onmibus
949 2707 962 2731 ,
1027 2693 1101 2735 pto
1126 2679 1190 2723 Cl.
1209 2693 1248 2722 n.
1271 2690 1345 2735 94.

969 2841 978 2860 l
