1680 3052
286 135 334 196 L
376 151 398 194 1
440 146 476 191 B
523 149 558 191 E
601 147 641 191 n
741 131 1074 192 XXXII.
1209 150 1312 212 113

41 216 250 285 'occupat
287 216 466 267 collem
492 213 831 263 imminentem
876 214 1018 270 urbi,
1051 212 1524 286 (Larifl'amssffim,¹
1581 228 1592 237 ⁵

47 303 152 337 eam
181 303 338 335 arcem
367 285 588 341 vocant)
628 295 649 345 3
691 279 947 346 positoque
977 280 1042 328 ibi
1074 280 1527 344 praefidi0‚a.c.x98.

1 396 5 418 ‹
44 371 191 422 quum
212 353 324 402 lucis
349 352 583 418 principio
618 348 757 415 signis
782 346 959 397 infestis
978 348 1039 396 ad
1058 346 1319 411 subjefium

2 423 5 466 1ἶ
47 424 142 471 arci
167 420 326 470 forum
353 419 580 479 vaderet,
612 415 831 465 instruehx
862 417 985 464 acies
1019 433 1078 465 ex
1115 416 1320 465 adverso

3 484 5 536 ἰ
46 490 271 539 occurrit.
305 485 574 536 Praefidium
605 500 706 534 erat
732 483 1025 533 Achaeorum
1057 500 1210 549 nuper
1230 486 1324 532 im-

2 574 5 607 ι
46 555 250 622 pofitum
274 592 288 613 ‚
327 555 575 622 quingenti
612 553 715 602 fere
756 550 958 614 iuvenes
997 551 1171 600 deleffi
1204 569 1323 602 om-

45 626 175 673 nium
195 623 456 671 civitatum.
483 620 816 671 AEnefidemus
841 618 1083 686 Dymaeus
1100 634 1324 686 praeerat.

42 708 77 751 4
113 691 410 739 Adhortator
442 709 467 738 a
496 688 727 755 praefeRO
747 689 884 756 regio
910 685 1097 748 missus,
1122 690 1204 754 qui
1234 704 1322 737 ex-

46 758 219 807 cedere
249 758 365 807 urbe
397 756 588 822 juberet
609 795 623 816 ‚
651 755 673 823 (
698 772 719 822 5
745 759 907 821 Neque
929 757 1043 803 enim
1069 774 1208 821 pares
1245 775 1323 805 eos

42 827 290 892 oppidanis
311 825 429 887 solis
448 863 463 883 ,
499 827 576 891 qui
607 826 723 874 idem
760 826 882 889 quod
907 825 1190 873 Macedones
1211 824 1323 889 sen.-

0 912 5 986 1
39 895 197 953 tirent,
227 895 388 942 nedum
419 891 645 958 adjunHis
670 892 1037 949 Macedonibus,
1060 889 1172 955 effi,
1208 911 1322 956 quos

39 979 94 1010 ne
124 964 325 1009 Romani
366 963 541 1026 quidem
581 963 647 1009 ad
687 961 948 1009 Corinthum
967 958 1317 1076 figsiinuiffim's)

39 1029 195 1094 primo
217 1029 331 1077 nihil
350 1068 363 1089 ‚
384 1046 472 1077 nec
507 1029 712 1088 ducem,
734 1045 824 1077 nec
847 1027 974 1093 ipsos
1000 1029 1186 1077 movit:
1208 1046 1275 1094 po
1298 1047 1318 1077 t

41 1096 184 1162 paulo
203 1135 218 1157 ‚
244 1113 294 1145 ut
318 1096 531 1164 Argivos
562 1113 754 1162 quoque
784 1110 993 1146 armatos
1021 1112 1079 1145 ex
1099 1111 1233 1162 parte
1253 1098 1321 1145 al-

39 1178 142 1213 tera
166 1167 417 1214 venientes
443 1183 623 1232 magno
648 1164 835 1231 agmine
855 1164 1080 1212 viderunt
1099 1202 1113 1225 ,
1138 1180 1319 1214 certam

0 1241 5 1281 ἱ
39 1234 303 1298 perniciem
333 1249 616 1291 cernenteS‚
639 1248 839 1282 omnem
866 1246 1028 1280 tamen
1067 1231 1253 1293 casum,
1283 1233 1318 1283 fi

0 1284 4 1313 ³
41 1302 333 1365 pertinacior
345 1302 437 1349 dux
454 1299 604 1350 fuisset
618 1338 632 1360 ‚
645 1300 932 1349 videbantur
947 1297 1154 1349 subituri.
1171 1301 1319 1350 AEne·

39 1366 277 1427 fidemus,
313 1386 372 1417 ne
409 1370 498 1417 flos
547 1367 842 1417 Achaeorum
879 1366 1142 1432 juventutis
1177 1368 1315 1419 simul

37 1451 145 1483 cum
183 1435 297 1484 urbe
331 1438 656 1497 amitteretur,
687 1435 852 1503 paetus
874 1454 984 1485 cum
1011 1435 1230 1487 Philocle
1262 1453 1315 1489 ut

38 1501 168 1552 abire
196 1503 286 1552 iilis
304 1503 497 1564 liceret,
525 1504 624 1569 ipse
659 1522 755 1570 quo
787 1505 900 1554 loco
923 1503 1118 1554 steterat
1151 1522 1316 1555 arma-

35 1583 111 1619 tus
140 1588 247 1619 cum
283 1574 441 1637 paucis
479 1571 730 1621 clientibus
759 1589 858 1622 non
900 1571 1110 1622 exceffit.
1145 1572 1314 1625 Miffus

36 1655 64 1686 a
100 1636 309 1689 Philocle
331 1642 409 1705 qui
444 1657 674 1706 quaereret
695 1679 710 1701 ‚
738 1642 851 1708 quid
881 1639 964 1690 fibi
984 1641 1150 1691 vellet.
1172 1642 1202 1692 6
1227 1642 1314 1692 Ni·

34 1705 101 1754 hil
125 1705 276 1765 fatus,
311 1709 649 1758 tantummodo
683 1726 832 1774 quum
867 1708 1089 1775 projeEtO
1128 1728 1225 1778 prae
1262 1710 1312 1763 se

32 1773 215 1840 clypeo
247 1773 420 1836 staret,
454 1778 503 1825 in
540 1776 756 1843 praefidio
782 1778 973 1828 creditae
1003 1779 1130 1827 urbis
1158 1780 1311 1829 mori-

29 1853 188 1890 turum
228 1842 273 1891 se
305 1859 538 1892 armatum
569 1844 831 1911 respondit.
867 1844 998 1895 Tum
1034 1844 1152 1911 juffu
1187 1866 1312 1913 prae·

34 1907 147 1958 feffl
195 1928 220 1958 a
254 1909 523 1961 Thracibus
560 1912 777 1977 conjecia
812 1914 938 1974 tela,
974 1914 1308 1983 interfeffique

30 1993 222 2026 omnes.
247 1976 307 2026 Et
330 1979 433 2045 post
455 1980 642 2047 paciani
675 1983 799 2031 inter
820 1981 1031 2032 Achaeos
1050 1983 1100 2032 &
1116 1982 1309 2033 Roma-

29 2061 123 2096 nos
142 2043 418 2098 societatem
433 2085 449 2110 ,
468 2049 573 2099 duae
594 2048 894 2100 nobiliffimae
910 2052 1130 2102 civitates
1148 2089 1164 2114 ‚
1186 2051 1309 2123 Argi

90 2186 112 2230 3
129 2176 336 2234 Positoque
349 2178 630 2239 ibipraefidio.]
693 2192 785 2224 rent
804 2210 817 2230 ,
852 2183 999 2225 nedum
1027 2197 1145 2238 pares
1177 2184 1306 2226 ess'ent

29 2236 161 2295 Magis
194 2242 377 2294 placeret
397 2270 407 2289 ,
437 2241 630 2297 impofito.
692 2242 835 2298 junftis
866 2244 975 2286 simul
1014 2246 1226 2302 oppidanis
1261 2248 1307 2290 &

87 2311 118 2350 4
142 2301 438 2355 Adhortator.]
470 2304 634 2345 Grono·
693 2305 1006 2348 Macedonibus.

23 2358 112 2402 vius
129 2362 226 2404 vere
242 2365 406 2407 omnino
426 2366 629 2416 emendat,
757 2368 784 2409 6
816 2369 935 2408 Nihil
950 2368 1116 2423 fatus...
1145 2366 1304 2424 respon-

0 2418 3 2465 f
31 2421 101 2464 Ad
120 2423 187 2463 Ιιος
209 2439 357 2466 orator.
696 2428 801 2484 din]
823 2429 922 2470 Haec
950 2445 1031 2471 non
1061 2432 1167 2471 bene
1197 2432 1304 2471 inter

0 2533 1 2541 ἵ
98 2494 116 2530 5
152 2484 287 2539 Neque
311 2487 454 2542 enirm]
485 2488 632 2542 Neque
695 2490 735 2531 se
754 2492 1017 2532 conveniunt.
1042 2490 1163 2533 Possis
1192 2492 1303 2546 lege-

0 2592 2 2609 ι
27 2543 135 2584 enim
153 2558 223 2585 eos
237 2561 350 2599 pares
365 2549 440 2590 effe
461 2553 525 2590 vel
539 2551 631 2592 solis
694 2565 740 2593 re
758 2565 769 2594 ε
790 2553 1020 2603 Nihilstatu
1039 2566 1185 2592 mutato
1198 2580 1212 2599 ο
1233 2553 1301 2595 vel

29 2606 240 2658 oppidanis
257 2635 268 2655 ‚
290 2609 355 2662 qui
386 2623 524 2651 omnes
556 2626 631 2664 pro
693 2627 798 2658 moto
815 2640 830 2667 ,
851 2629 960 2673 quum
984 2613 1216 2670 projecien-

0 2687 5 2705 ι
26 2664 302 2713 Macedonum
341 2671 521 2726 partibus
560 2672 632 2734 sta:
