1680 3052
296 115 412 172 440
579 97 850 158 Τιτῐ
950 100 1286 158 L1v11

88 197 138 238 U
133 206 178 274 ⁰.
188 193 263 246 562
290 195 441 228 naves
474 179 734 231 redierunt.
767 180 886 231 Inde
923 183 972 229 in
996 181 1340 230 Telmefficum
1366 179 1571 260 profeffl

87 264 125 295 a.
133 252 178 292 C.
188 261 275 303 190
292 246 478 325 smum,
516 253 596 315 qui
629 249 777 299 latere
804 268 901 297 uno
935 248 1162 307 Cariam,
1198 250 1349 298 altero
1370 249 1444 316 Ly
1450 253 1572 299 ciam

295 316 564 383 contingit3
602 316 775 365 omissa
798 316 965 364 Patara
1001 318 1204 382 amplius
1239 317 1456 366 tentandi
1493 317 1574 383 spe
1607 368 1613 371 ,
1670 312 1680 326 ⁴

295 381 478 431 Rhodii
499 385 700 433 domum
721 383 892 432 dimiffi
926 383 1072 432 sunt:
1104 384 1270 433 Livius
1302 401 1577 450 praeterve-

300 449 401 499 &us
440 450 635 511 Afiam,
674 453 722 499 in
773 450 1015 501 Graeciam
1045 452 1329 511 transmisit,
1360 467 1410 500 ut
1455 469 1579 500 con-

300 520 459 568 ventis
494 519 830 585 Scipionibus,
873 522 954 584 qui
994 535 1097 568 tum
1133 522 1257 569 circa
1288 518 1582 569 Thessaliam

304 601 472 645 erant,
504 590 551 635 in
595 586 780 635 Italiam
811 590 1072 651 trajiceret.

372 653 539 703 XVII.
572 655 793 703 AEmilius
827 655 1139 734 posteaquam
1175 654 1407 704 omissas
1395 673 1442 703 m
1482 654 1584 721 Ly-

304 723 377 769 cia
403 739 510 782 res,
542 723 593 771 ὅ(
614 722 803 771 Livium
824 675 1124 789 pprofeftum
1115 742 1161 771 m
1185 724 1366 773 ltaliam
1393 741 1584 790 cogno-

303 792 404 849 vit,
441 808 589 856 quum
615 790 713 856 ipse
749 791 807 838 ab
844 790 1035 857 Epheso
1063 792 1274 855 repulsus
1299 791 1584 856 tempestate

305 859 439 905 irrito
472 861 670 924 incepto
701 858 896 907 Samum
930 858 1224 920 revertisset,
1255 874 1394 924 turpe
1423 875 1593 919 ratus,·

103 939 490 984 AEmgzgustenrata
524 925 688 974 frustra
728 925 892 974 Patara
935 926 1028 976 effe
1054 965 1067 986 ‚
1112 926 1346 992 proficisci
1388 944 1449 975 eo
1481 928 1587 975 tota

105 1005 194 1043 εοεᾶ
309 991 446 1042 classe
469 1032 482 1053 ‚
522 994 571 1042 S<
602 994 783 1044 summa
805 997 852 1043 vi
886 995 1079 1061 aggredi
1109 997 1275 1043 urbem
1297 994 1467 1043 statuit.
1487 995 1588 1042 Mi-

106 1063 222 1114 claffe
310 1061 460 1109 letum
501 1062 547 1110 8<
585 1079 797 1110 ceteram
832 1081 967 1111 oram
991 1063 1228 1111 sociorum
1261 1079 1428 1129 praeter
1414 1062 1589 1123 veffi,

102 1121 281 1181 proficIs-
313 1129 359 1176 in
410 1128 741 1196 Bargylletico
788 1129 888 1178 smu
919 1130 1274 1180 exscenfionem
1319 1132 1379 1178 acl
1414 1129 1589 1179 Jassum

108 1200 211 1227 ΗΜ
263 1195 547 1247 ‘nfecemnn
586 1198 776 1246 Urbem
814 1200 996 1265 regium
1042 1200 1241 1248 tenebat
1277 1198 1586 1264 praefidiwim

109 1249 287 1304 Lycmm.
315 1279 481 1330 agrum
520 1266 646 1314 circa
677 1266 890 1315 Romani
913 1265 1141 1316 hostiliter
1166 1267 1446 1346 depopulati
1471 1266 1594 1317 sunt.

315 1332 468 1382 Miffis
505 1335 681 1383 deinde
711 1337 791 1400 qui
830 1353 918 1401 per
950 1336 1192 1400 colloquia
1224 1337 1494 1402 principum
1536 1338 1592 1383 ὅτ.

315 1401 670 1468 magistratuum
711 1418 952 1451 tentarent
1000 1406 1184 1451 animos
1212 1442 1225 1463 ‚
1277 1403 1594 1469 posteaquam

316 1470 433 1518 nihil
474 1471 521 1518 in
558 1470 794 1536 potestate
832 1471 910 1519 sua
956 1471 1305 1538 responderunt
1354 1471 1480 1529 effe‚
1529 1470 1592 1519 ad

316 1537 485 1585 urbem
532 1539 911 1605 oppugnandam
952 1540 1097 1588 ducit.
1132 1538 1277 1587 Erant
1315 1538 1500 1588 Jaffens
1492 1556 1593 1587 um

316 1604 501 1654 exsules
543 1625 652 1654 cum
685 1606 953 1656 Romanis:
989 1610 1020 1655 ii
1050 1607 1326 1673 frequentes
1369 1606 1594 1655 Rhodios

316 1690 453 1723 orare
488 1672 792 1734 institerunt,
831 1678 906 1724 ‚Ne
934 1677 1080 1723 urbem
1108 1677 1151 1724 δ’
1185 1676 1524 1740 vicinamfibi,
1549 1675 1597 1723 ᾧ

315 1758 585 1808 cognatam,
621 1745 857 1792 innoxiam
890 1746 1036 1810 perire
1057 1747 1270 1809 finerent.
1309 1745 1410 1792 Sibi
1445 1743 1596 1808 exfilii

322 1811 496 1858 nullm
530 1812 673 1859 aliam
711 1813 894 1876 causam
927 1809 1037 1875 effe,
1064 1831 1133 1877 qu
1124 1831 1196 1860 zm
1218 1813 1355 1876 fidem
1380 1831 1481 1877 erga
1501 1815 1598 1859 Ro-

319 1896 497 1927 manos.
538 1879 713 1927 Eadem
739 1882 788 1928 vi
821 1882 1035 1945 regiorum
1056 1918 1074 1939 ,
1097 1883 1187 1944 qud
1221 1881 1308 1946 ipsi
1334 1881 1595 1944 pulstfint,

322 1949 460 1995 teneri
495 1965 567 1994 eos
597 1949 675 2012 qui
708 1948 756 1995 in
791 1949 895 1995 urbe
930 1964 1178 2006 maneant3
1206 1949 1400 1995 omnium
1422 1945 1599 2009 Jaffin-

309 2015 429 2079 sium
463 2032 598 2062 unam
628 2031 811 2063 mentem
847 2013 958 2092 effi,
982 2031 1030 2063 ut
1052 2015 1312 2079 servitutem
1349 2016 1515 2080 regiam
1537 2012 1603 2079 ef

312 2083 538 2148 fugerent.
563 2080 746 2131 Rhodii
778 2085 898 2132 moti
930 2084 1183 2148 precibus,
1210 2082 1427 2131 Eumene
1453 2084 1600 2131 etiam

325 2167 441 2216 rege
473 2149 707 2215 assumpto
733 2189 746 2209 ‚
782 2149 917 2199 simul
946 2151 1044 2199 suas
1073 2149 1441 2200 neceffitudines
1466 2167 1602 2199 com-

322 2218 678 2276 memorando,
700 2218 835 2267 fimul
856 2235 887 2279 7
919 2218 1112 2268 obsessae
1131 2221 1265 2287 regio
1286 2217 1506 2286 praefidio
1524 2236 1603 2267 ur-

326 2286 398 2334 bis
436 2285 592 2334 casum
636 2286 941 2347 miserando,
981 2289 1323 2352 pervicerunt,
1352 2300 1404 2335 ut
1435 2304 1604 2353 oppu-

326 2355 551 2422 gnatione
589 2354 903 2404 absisteretur.
941 2354 1146 2405 Profeffi
1182 2356 1327 2417 inde,
1364 2352 1393 2403 8
1423 2357 1606 2422 pacatis

389 2464 414 2502 7
436 2447 599 2504 Obseffae
624 2449 730 2505 regio
755 2449 934 2505 praefidio
1061 2450 1083 2490 8
1104 2449 1266 2490 Pacatis
1283 2449 1434 2490 ceteris.
1440 2449 1603 2503 JQuurn

328 2511 483 2564 urbis.]
504 2512 624 2552 Urbis
644 2539 654 2558 ,
677 2526 764 2565 quae
791 2512 843 2551 sui
871 2509 936 2564 js·
998 2523 1136 2551 cetera
1158 2513 1300 2565 oppida
1316 2540 1326 2559 ‚
1351 2512 1442 2551 loca
1463 2539 1474 2560 ,
1497 2526 1607 2565 prae-

327 2574 381 2613 ris
416 2587 497 2613 non
550 2573 647 2614 effer
693 2574 744 2612 ob
784 2574 937 2628 regium
998 2584 1061 2613 ter
1092 2573 1233 2614 Jassum
1259 2602 1268 2617 ‚
1308 2584 1451 2627 pacata
1480 2573 1615 2616 effent,

329 2648 382 2688 pr
378 2650 438 2676 πει,
415 2634 576 2685 rdiam,
605 2648 685 2690 quo
704 2637 936 2677 tenebatur.
1000 2636 1042 2677 ὅ(
1061 2635 1190 2676 amica
1205 2634 1413 2676 Romanis.
