1680 3052
339 144 461 200 414
623 126 1379 186 T1T1L1v11‘

138 231 326 285 amm,
407 205 595 257 XLIV.
624 207 955 275 Polyxenidas
976 247 989 269 ‚
1008 223 1061 258 ut
1092 212 1486 278 appropinquare
1513 210 1621 262 ho-

138 272 428 339 a.C.191.stes
451 276 650 325 allatum
676 276 744 327 est
763 316 777 338 ‚
802 276 1057 327 occaslone
1095 279 1344 345 pugnandi
1366 281 1501 329 laetus
1523 319 1536 341 ‚
1557 281 1619 329 st-

193 343 538 414 Pugnanistrum
556 345 654 412 ipse
688 364 841 395 cornu
866 348 914 394 in
946 346 1097 394 altum
1127 348 1372 407 extendit,
1397 348 1638 411 dextrum*

140 407 313 450 navah&
341 430 497 462 cornu
535 411 789 479 praefe&os
829 415 1023 463 navium
1069 414 1131 464 ad
1168 430 1342 464 terram
1381 417 1624 481 explicare

338 478 510 547 jubet,
533 484 587 531 &
609 483 747 548 aequa
773 481 935 531 fronte
964 482 1026 530 ad
1058 500 1271 549 pugnam
1302 485 1624 548 procedebat.

342 548 505 614 Quod
533 549 617 600 ubi
644 551 766 600 vidit
784 549 1036 600 Romanus
1057 588 1071 611 ‚
1093 551 1205 600 vela
1231 553 1468 600 contrahit
1490 590 1504 612 ‚
1521 571 1624 600 ma·-

339 617 509 684 losque
540 617 737 666 inclinat
767 656 783 679 ‚
817 619 869 668 &
905 617 1041 667 simul
1079 635 1377 669 armamenta
1414 638 1628 686 compo-

342 703 464 735 nens
486 723 500 745 ‚
522 688 772 752 opperitur
799 686 1103 752 insequentes
1134 705 1301 736 naves.
1333 687 1439 736 Jam
1467 687 1626 738 ferme

343 756 540 820 triginta
572 757 620 803 in
654 752 814 804 fronte
850 770 1024 814 erant3
1070 770 1092 819 3
1128 755 1297 821 quibus
1331 770 1382 804 ut
1413 769 1627 822 aequaret

343 822 524 871 laevurn
550 840 702 872 cornu
725 861 739 883 ,
756 841 788 884 4
807 822 1069 872 dolonibus
1091 823 1256 873 ereffis
1276 824 1424 872 altum
1456 840 1628 890 petere

344 891 552 940 intendit
573 909 583 939 ε
601 888 729 956 juffis
758 893 837 958 qui
866 891 1183 957 sequebantur
1204 929 1219 952 ‚
1247 892 1476 941 adversus
1511 893 1629 940 dex-

343 971 473 1007 trum
498 977 650 1008 cornu
677 977 836 1026 prope
863 974 1039 1009 terram
1067 979 1234 1026 proras
1264 962 1486 1027 dirigere.
1521 959 1628 1008 Eu·-

345 1044 518 1077 menes
553 1045 727 1095 agmen
759 1029 982 1093 cogebat.
1016 1027 1250 1078 Ceterum
1287 1043 1338 1076 ut
1375 1029 1629 1078 demendis

347 1098 659 1145 armamentis
694 1097 971 1146 tumultuari
1011 1099 1220 1163 primum
1262 1114 1479 1162 coeptum
1526 1095 1630 1158 est,

347 1163 400 1211 &
435 1163 533 1230 ipse
567 1168 741 1231 quanta
771 1164 982 1214 maxima
1014 1165 1258 1214 celeritate
1288 1164 1445 1229 potest
1465 1202 1480 1224 ‚
1511 1183 1633 1213 con-

348 1234 461 1281 citat
492 1250 660 1283 naveS.
683 1248 719 1300 *5
752 1232 857 1284 Jam
890 1250 1063 1282 omnes
1096 1236 1142 1281 in
1177 1232 1432 1299 conspeCm
1465 1247 1632 1281 erant:

348 1300 456 1348 duae
508 1299 700 1351 Punicae
752 1319 904 1351 naves
951 1301 1306 1352 antecedebant
1352 1300 1635 1351 Romanam

347 1367 539 1418 claffem
566 1408 580 1430 ‚
614 1370 783 1436 quibus
818 1370 977 1420 obviae
1008 1384 1105 1420 tres
1142 1369 1336 1419 fuerunt
1367 1370 1512 1437 regiae
1538 1388 1635 1418 na·-

347 1453 456 1486 ves.
484 1436 543 1487 Et
575 1453 625 1486 ut
647 1443 696 1486 in
728 1456 932 1488 numero
961 1441 1168 1506 impari,
1191 1439 1296 1487 duae
1322 1440 1466 1505 regiae
1485 1456 1635 1490 unam

348 1505 693 1555 circumsistunt
713 1524 723 1555 ε
747 1508 796 1557 ὅ(
825 1509 1035 1573 primum
1062 1507 1122 1556 ab
1153 1522 1359 1573 utroque
1383 1508 1533 1556 latere
1558 1524 1639 1557 re-

349 1591 460 1622 mos
496 1574 754 1642 detergunt
784 1593 794 1623 t
827 1576 1002 1626 deinde
1033 1574 1391 1625 transscendunt
1421 1577 1637 1637 armatij

352 1642 407 1691 &
448 1642 644 1706 dejeffis
682 1642 900 1711 caefisque
944 1642 1422 1710 propugnatoribus,
1455 1660 1636 1693 navem

349 1714 560 1776 capiunt.
580 1711 693 1760 Una
724 1730 829 1779 quae
856 1714 1075 1779 compari
1098 1711 1260 1760 Marte
1292 1725 1633 1771 concurrerat,

348 1778 607 1846 postquam
643 1797 833 1845 captam
864 1781 1062 1829 alteram
1093 1796 1268 1828 navem
1306 1779 1461 1839 vidit,
1483 1779 1637 1846 prius-

350 1865 496 1913 quam
531 1867 556 1895 a
588 1849 738 1897 tribus
770 1847 903 1897 simul
928 1850 1355 1897 circumveniretur
1375 1885 1389 1908 ‚
1412 1862 1543 1897 retro
1573 1847 1639 1897 ad

351 1914 544 1964 classem
580 1915 770 1983 refugit.
808 1916 969 1965 Livius
1012 1917 1343 1982 indignatione
1379 1915 1636 1977 accensus,

291 2016 296 2021 -
351 1984 578 2050 praetoria
601 2002 725 2034 nave
758 1986 805 2032 in
835 1983 993 2034 hostes
1023 1985 1177 2034 tendit
1199 2002 1212 2042 3
1235 1983 1466 2033 adversus
1488 2001 1638 2051 quam

353 2051 531 2102 eadem
565 2051 646 2119 spe
685 2054 789 2102 duae
813 2091 828 2115 ‚
863 2071 972 2121 quae
1009 2053 1237 2102 Punicam
1274 2070 1419 2102 unam
1457 2067 1639 2103 navem

420 2196 441 2238 3
473 2184 622 2244 Quibus
643 2199 685 2225 uc
710 2199 875 2241 aequaret
894 2187 966 2228 lae-
1026 2200 1198 2227 vacuum
1229 2186 1542 2238 relinqueretur.

355 2261 443 2289 vum
465 2263 600 2288 cornu.
615 2247 631 2300 ]
649 2249 808 2290 Volens
826 2247 964 2289 effice·
1090 2260 1118 2297 4
1169 2247 1397 2287 Dolonibus
1452 2245 1634 2300 emelim]

354 2324 399 2349 re
420 2339 431 2354 ‚
462 2320 506 2349 ut
532 2311 676 2350 laevum
709 2325 834 2350 cornu
856 2310 965 2350 suum
1030 2310 1219 2350 Dolones
1239 2310 1379 2349 suntin
1399 2310 1491 2348 navi
1508 2308 1643 2353 mino.-

354 2371 402 2411 iis
428 2372 576 2424 aequari
596 2399 607 2419 ,
644 2373 681 2411 id
717 2372 770 2412 est
791 2404 801 2423 ‚
832 2387 967 2424 aequa-
1029 2387 1072 2412 ra
1095 2373 1182 2411 ve1a
1203 2399 1214 2419 ,
1248 2385 1334 2425 quae
1355 2370 1468 2424 supra
1487 2369 1642 2422 majora

353 2433 435 2472 lem
454 2434 603 2474 habere
623 2434 796 2474 frontem
814 2433 966 2486 poffet,
1034 2433 1251 2475 celeritatis
1275 2431 1391 2473 causa
1413 2432 1640 2487 eriguntur.

355 2493 439 2548 ipse
481 2495 521 2534 in
572 2496 752 2536 dextram
797 2496 968 2536 tendens
1101 2509 1117 2545 5
1140 2493 1226 2536 Iam
1239 2509 1368 2535 omnes
1379 2499 1421 2535 in
1438 2491 1641 2548 conspeHu

357 2557 482 2596 altum
500 2557 616 2610 petiit
634 2588 645 2608 ,
668 2569 710 2596 ut
728 2558 969 2609 subsequen·
1034 2569 1160 2596 erant.
1186 2557 1203 2610 ]
1251 2556 1392 2598 Omnes
1447 2555 1642 2598 Romanae

358 2619 464 2658 tibus
510 2618 549 2658 se
591 2619 757 2659 navibus
804 2618 972 2672 spatium
1036 2617 1158 2661 claffis
1179 2631 1320 2663 naves.

358 2679 410 2719 ad
445 2678 630 2722 sinistram
664 2694 793 2738 prope
824 2691 972 2723 terram
