1680 3052
325 126 413 209 ‘73‘
588 129 647 190 T
685 147 709 188 1
752 148 794 190 T
836 147 859 189 1
943 131 991 189 L
1033 148 1057 189 1
1101 148 1148 190 v
1189 150 1212 190 1
1256 149 1279 189 1

121 228 295 280 U.c.553
325 214 374 262 id
408 212 661 264 voluntate
696 212 875 262 facium
907 214 1168 281 negabant.
1200 215 1282 264 Ab
1313 213 1515 265 tribunis
1539 223 1614 264 νιέ

120 282 532 348 ³·C·199-cusantes
568 285 616 333 in
642 302 785 332 naves
826 284 1070 348 impofitos.
1105 283 1202 331 Sed
1233 297 1503 349 utcumque,
1526 284 1613 350 seu

322 350 528 415 injunffa
550 389 564 412 ‚
586 351 671 417 seu
692 350 904 418 fitfiepta
928 348 1053 416 fhret
1088 351 1259 400 militia
1278 388 1293 410 ,
1336 351 1381 400 δ’
1405 370 1504 400 eam
1532 369 1614 400 ex-

324 421 526 486 haustam
545 456 563 478 ,
601 420 645 468 6»
662 421 804 483 finem
826 420 1026 484 aliquem
1051 420 1287 468 militandi
1311 420 1420 485 fieri
1439 438 1614 486 aequum

322 486 424 552 effi.
461 488 637 536 Multis
665 488 804 536 annis
816 486 913 552 sese
937 486 1130 536 Italiam
1152 507 1242 538 non
1271 486 1434 553 vidiffi·
1459 507 1472 538 .·
1499 507 1614 538 con-

314 554 509 622 senutſj'e
520 555 608 621 sub
626 557 767 604 armis
785 558 834 604 in
851 557 1047 616 Sicilia,
1067 554 1238 621 Africa
1255 593 1273 615 ‚
1296 558 1611 607 Macedonia:
1661 555 1666 559 ’

324 623 545 689 conftffos
569 621 670 689 jam
695 624 748 690 se
785 625 941 674 labore
978 625 1022 673 6³
1055 643 1184 691 opere
1211 662 1229 684 ,
1263 625 1515 694 exsangues
1547 640 1616 675 tot

323 694 529 758 acceptis
559 693 824 742 vulneribus
848 691 947 757 effi.
982 690 1204 753 Consul,
1241 694 1423 756 causam
1453 697 1614 762 postu·-

324 761 478 809 landae
511 761 726 825 miffionis
751 762 1036 828 prohabilem
1059 799 1077 822 ,
1088 763 1136 826 fi
1161 763 1344 829 modeste}
1359 777 1585 829 peteretur
1595 797 1617 822 ,—

321 831 472 878 videri
495 829 614 879 dixit
642 849 656 878 .·
677 828 924 895 seditionis
940 849 1021 881 nec
1045 849 1172 892 eam,
1195 849 1273 879 nec
1304 832 1448 880 ullam
1466 833 1614 880 aliam

311 896 436 963 fatis
448 895 614 964 justam
634 899 816 964 causam
837 897 935 963 effe.
954 900 1171 965 Itaquefi
1181 918 1361 949 manere
1377 901 1615 967 adsigna,

324 966 371 1014 δ’
405 969 520 1016 dicio
551 985 712 1033 parere
746 968 927 1027 velint,
948 967 1002 1033 se
1035 970 1088 1015 de
1127 968 1320 1031 miffi‘one
1367 986 1515 1017 eorum
1550 969 1617 1016 ad

311 1033 525 1100 senatum
543 1035 823 1102 scripturum
841 1055 854 1085 .-
876 1036 1088 1103 modestia
1098 1033 1300 1100 faciliits
1317 1073 1336 1096 ,
1355 1037 1491 1103 quam
1506 1054 1617 1104 per·-

259 1123 281 1132 ·
321 1105 501 1155 tinacia
537 1107 660 1168 quod
695 1106 842 1155 velint
877 1105 1216 1172 impetraturos.

180 1210 238 1256 Th
391 1170 487 1222 IV.
521 1171 835 1223 Thaumacos
863 1189 926 1223 eo
956 1189 1182 1240 tempore
1216 1172 1466 1240 Philippus
1489 1171 1618 1223 sum-

242 1230 403 1290 aet-ma
429 1244 480 1292 vi
513 1243 831 1310 oppugnabat
855 1243 1111 1310 aggeribus
1131 1242 1379 1310 vineisque
1408 1260 1419 1291 :
1441 1241 1492 1291 ὃ(
1515 1240 1620 1308 jam

104 1339 257 1394 frustra
321 1312 522 1362 arietem
553 1315 701 1362 muris
736 1311 1020 1361 admoturus
1059 1327 1192 1362 erat:
1225 1313 1447 1362 ceterum
1479 1313 1617 1361 ince-

113 1415 293 1444 tentatos
321 1395 408 1448 pto
450 1379 673 1431 abfistere
711 1398 821 1431 eum
851 1382 1011 1448 co'e'git
1033 1380 1209 1430 subitus
1228 1381 1511 1431 AEtolorum
1531 1380 1618 1430 ad-

108 1462 258 1517 deserit
322 1466 500 1510 ventus
527 1488 542 1512 ‚
589 1452 672 1518 qui
709 1449 1011 1499 Archidamo
1053 1449 1178 1499 duce
1211 1451 1336 1500 inter
1374 1448 1617 1499 custodias

109 1525 270 1584 Philip·
320 1518 662 1570 Macedonum
682 1520 867 1569 moenia
894 1517 1084 1587 ingreffi
1105 1557 1120 1581 ,
1143 1535 1234 1568 nec
1266 1518 1344 1569 die
1367 1556 1382 1578 ,
1410 1535 1503 1568 nec
1522 1536 1616 1573 noe

102 1603 197 1647 pus.
320 1587 393 1638 &e
413 1587 562 1639 finem
585 1589 736 1638 ullum
767 1588 1056 1653 erumpendi
1078 1626 1093 1648 ‚
1112 1605 1241 1637 nunc
1269 1588 1318 1636 in
1347 1585 1578 1637 stationes
1597 1624 1616 1649 ,

313 1675 445 1708 nunc
475 1659 524 1707 in
560 1675 713 1724 opera
747 1657 1086 1707 Macedonum
1107 1693 1124 1717 ‚
1154 1656 1414 1706 faciebant.
1448 1654 1510 1704 Et
1531 1656 1617 1706 ad-

313 1724 520 1791 juvabat
564 1743 651 1776 eos
680 1742 850 1775 natura
885 1725 986 1792 ipsa
1019 1726 1115 1774 loci
1153 1742 1165 1774 ε
1196 1743 1412 1792 namque
1450 1724 1618 1775 Thau·

316 1797 446 1845 :maci
487 1811 509 1862 3
549 1813 576 1844 a
608 1793 741 1862 Pylis
778 1794 976 1862 finuque
1017 1793 1234 1843 Maliaco
1272 1812 1362 1860 per
1394 1793 1615 1844 Lamiam

318 1864 496 1925 eunti,
537 1863 653 1915 loco
694 1863 795 1913 alto
829 1863 902 1913 fiti
935 1862 1076 1921 sunt,
1103 1861 1212 1929 ipfis
1252 1861 1468 1912 faucibus
1520 1865 1616 1913 im-

315 1934 561 1982 minentes
581 1971 601 1993 ,
635 1950 669 1995 4
703 1950 821 1998 quas
853 1931 997 1983 Coela
1023 1945 1231 1984 vocant:
1259 1930 1614 1998 Thess'aliaeque
1647 1976 1650 1978 .

315 2002 581 2053 transeunti
612 2001 902 2070 confragosa
937 2001 1080 2064 loca,
1116 1999 1480 2068 implicatasque
1513 2002 1613 2052 fle-

381 2145 403 2188 3
428 2134 467 2176 A
487 2135 656 2195 Pylis.]
677 2135 715 2178 A
731 2135 933 2179 Thermo·
995 2134 1099 2178 finfis
1128 2134 1332 2182 Euboici,
1368 2149 1477 2190 quem
1506 2136 1639 2177 Coelae2

314 2198 442 2255 pylis.
995 2211 1157 2239 vocant.
1177 2199 1320 2252 Itaque
1337 2212 1420 2238 non
1436 2199 1615 2240 immeri-

383 2273 414 2311 4
444 2259 555 2319 Quas
605 2260 712 2302 Coela
751 2274 929 2302 vocant:
995 2261 1040 2303 to
1077 2259 1261 2315 suspicari
1298 2257 1498 2313 possumus
1539 2261 1613 2302 has

319 2323 647 2377 Theffaliaeque.]
675 2323 776 2365 Levi
798 2335 932 2365 muta-
995 2323 1133 2364 fauces
1176 2332 1342 2363 vocatas
1386 2322 1465 2363 effe
1504 2323 1613 2363 Coela

316 2387 431 2426 tione
477 2385 727 2439 adjuvandus
768 2385 935 2427 videtur
1000 2383 1200 2438 leeffaliae
1229 2413 1244 2431 ,
1298 2384 1348 2424 ad
1387 2385 1613 2426 notandum

315 2447 382 2489 hic
415 2448 560 2494 locus,
595 2448 930 2504 legendumque:
997 2447 1231 2488 discrimen.
1270 2444 1368 2505 Qua
1412 2447 1523 2488 refer
1559 2446 1614 2488 ad.

315 2509 417 2566 Ipfis
443 2508 624 2563 faucibus
656 2510 898 2551 imminentes
915 2539 931 2556 ,
998 2507 1201 2561 Tbeffaliae
1219 2521 1231 2548 .·
1252 2507 1305 2548 ita
1323 2518 1367 2549 ut
1387 2508 1519 2550 sensus
1537 2508 1611 2559 fit,

316 2587 413 2627 quas
428 2572 535 2612 Coela
552 2585 698 2613 vocant
712 2571 930 2627 Theffaliae‚
994 2569 1238 2612 Thessaliam
1264 2600 1277 2620 ‚
1326 2570 1443 2612 velut
1493 2571 1611 2611 maris

319 2648 399 2685 quae
427 2631 646 2689 transeunti
664 2663 678 2681 ,
703 2634 786 2676 &c.
808 2633 933 2674 Libro
995 2632 1090 2672 vasti
1111 2633 1253 2689 ingens
1272 2647 1410 2687 aequor
1428 2661 1442 2688 ⁵,
1461 2631 1512 2672 fic
1535 2632 1609 2672 im-

317 2692 466 2739 XXXI
485 2725 498 2748 ,
530 2710 569 2740 c.
594 2708 654 2752 47
673 2728 686 2752 ,
702 2695 856 2742 mentio
885 2694 932 2740 fit
954 2712 956 2715 ·
994 2694 1169 2739 mensam
1189 2695 1310 2752 pandi
1328 2694 1537 2753 planitiem
1553 2693 1613 2751 οξ
