<?xml version="1.0" encoding="UTF-8"?>
<!DOCTYPE html PUBLIC "-//W3C//DTD XHTML 1.0 Transitional//EN"
    "http://www.w3.org/TR/xhtml1/DTD/xhtml1-transitional.dtd">
<html xmlns="http://www.w3.org/1999/xhtml" xml:lang="en" lang="en">
 <head>
  <title>
</title>
<meta http-equiv="Content-Type" content="text/html;charset=utf-8" />
  <meta name='ocr-system' content='tesseract 3.04.00' />
  <meta name='ocr-capabilities' content='ocr_page ocr_carea ocr_par ocr_line ocrx_word'/>
</head>
<body>
  <div class='ocr_page' id='page_1' title='image "./tliviipatavinihi0301livy_0415.png"; bbox 0 0 1680 3052; ppageno 0'>
   <div class='ocr_carea' id='block_1_1' title="bbox 252 128 1291 204">
    <p class='ocr_par' dir='ltr' id='par_1_1' title="bbox 252 128 1291 204">
     <span class='ocr_line' id='line_1_1' title="bbox 252 128 1291 204; baseline -0.003 -14"><span class='ocrx_word' id='word_1_1' title='bbox 252 133 609 191; x_wconf 73' lang='lat' dir='ltr'>LrssER</span> <span class='ocrx_word' id='word_1_2' title='bbox 694 128 1054 187; x_wconf 87' lang='lat' dir='ltr'><strong>XXXVI.</strong></span> <span class='ocrx_word' id='word_1_3' title='bbox 1178 148 1291 204; x_wconf 86' lang='lat'>411</span> 
     </span>
    </p>
   </div>
   <div class='ocr_carea' id='block_1_2' title="bbox 0 208 1506 2454">
    <p class='ocr_par' dir='ltr' id='par_1_2' title="bbox 0 208 1506 2454">
     <span class='ocr_line' id='line_1_2' title="bbox 24 208 1506 284; baseline 0 -20"><span class='ocrx_word' id='word_1_4' title='bbox 24 213 250 284; x_wconf 71' lang='lat' dir='ltr'>praesidiis</span> <span class='ocrx_word' id='word_1_5' title='bbox 278 212 488 263; x_wconf 84' lang='lat' dir='ltr'>firmaret</span> <span class='ocrx_word' id='word_1_6' title='bbox 519 228 535 272; x_wconf 91' lang='lat'>;</span> <span class='ocrx_word' id='word_1_7' title='bbox 570 225 781 260; x_wconf 86' lang='lat' dir='ltr'>ceteram</span> <span class='ocrx_word' id='word_1_8' title='bbox 816 208 1005 259; x_wconf 83' lang='lat' dir='ltr'><strong>classem</strong></span> <span class='ocrx_word' id='word_1_9' title='bbox 1030 208 1297 274; x_wconf 87' lang='lat' dir='ltr'>Polyxeni·</span> <span class='ocrx_word' id='word_1_10' title='bbox 1313 217 1506 273; x_wconf 64' lang='lat' dir='ltr'>U.c.56r;</span> 
     </span>
     <span class='ocr_line' id='line_1_3' title="bbox 0 276 1504 349; baseline -0.003 -16"><span class='ocrx_word' id='word_1_11' title='bbox 0 285 136 333; x_wconf 58' lang='lat' dir='ltr'>dam</span> <span class='ocrx_word' id='word_1_12' title='bbox 178 299 342 349; x_wconf 86' lang='lat' dir='ltr'>parare</span> <span class='ocrx_word' id='word_1_13' title='bbox 382 282 432 330; x_wconf 67' lang='grc' dir='ltr'>ὃ(</span> <span class='ocrx_word' id='word_1_14' title='bbox 469 279 712 328; x_wconf 76' lang='lat' dir='ltr'>deducere</span> <span class='ocrx_word' id='word_1_15' title='bbox 751 276 876 343; x_wconf 82' lang='lat' dir='ltr'>juffit</span> <span class='ocrx_word' id='word_1_16' title='bbox 911 277 1298 343; x_wconf 78' lang='lat' dir='ltr'>:speculatorias</span> <span class='ocrx_word' id='word_1_17' title='bbox 1315 277 1504 328; x_wconf 72' lang='lat' dir='ltr'>21·C·191··</span> 
     </span>
     <span class='ocr_line' id='line_1_4' title="bbox 26 345 1300 412; baseline -0.005 -10"><span class='ocrx_word' id='word_1_18' title='bbox 26 369 175 402; x_wconf 82' lang='lat' dir='ltr'>naves</span> <span class='ocrx_word' id='word_1_19' title='bbox 196 351 255 398; x_wconf 84' lang='lat' dir='ltr'>ad</span> <span class='ocrx_word' id='word_1_20' title='bbox 274 353 436 398; x_wconf 84' lang='lat' dir='ltr'>omnia</span> <span class='ocrx_word' id='word_1_21' title='bbox 457 347 753 412; x_wconf 85' lang='lat' dir='ltr'>exploranda</span> <span class='ocrx_word' id='word_1_22' title='bbox 776 349 898 394; x_wconf 87' lang='lat' dir='ltr'>circa</span> <span class='ocrx_word' id='word_1_23' title='bbox 923 345 1093 394; x_wconf 88' lang='lat' dir='ltr'>insulas</span> <span class='ocrx_word' id='word_1_24' title='bbox 1112 345 1300 395; x_wconf 73' lang='lat' dir='ltr'>dimisrt.</span> 
     </span>
     <span class='ocr_line' id='line_1_5' title="bbox 28 412 1506 481; baseline -0.003 -15"><span class='ocrx_word' id='word_1_25' title='bbox 28 438 33 443; x_wconf 83' lang='grc'>’</span> <span class='ocrx_word' id='word_1_26' title='bbox 94 417 251 467; x_wconf 78' lang='lat' dir='ltr'><strong>XLII.</strong></span> <span class='ocrx_word' id='word_1_27' title='bbox 288 416 350 467; x_wconf 89' lang='lat' dir='ltr'>C.</span> <span class='ocrx_word' id='word_1_28' title='bbox 387 417 550 465; x_wconf 86' lang='lat' dir='ltr'>Livius</span> <span class='ocrx_word' id='word_1_29' title='bbox 589 414 836 481; x_wconf 63' lang='lat' dir='ltr'>praefeRus</span> <span class='ocrx_word' id='word_1_30' title='bbox 869 412 1106 463; x_wconf 80' lang='lat' dir='ltr'>Romanae</span> <span class='ocrx_word' id='word_1_31' title='bbox 1150 412 1299 462; x_wconf 83' lang='lat' dir='ltr'>claffis</span> <span class='ocrx_word' id='word_1_32' title='bbox 1367 419 1506 477; x_wconf 73' lang='lat' dir='ltr'>czaffis</span> 
     </span>
     <span class='ocr_line' id='line_1_6' title="bbox 27 480 1497 552; baseline -0.005 -18"><span class='ocrx_word' id='word_1_33' title='bbox 27 502 134 534; x_wconf 87' lang='lat' dir='ltr'>cum</span> <span class='ocrx_word' id='word_1_34' title='bbox 170 487 511 552; x_wconf 78' lang='lat' dir='ltr'>quinquaginta</span> <span class='ocrx_word' id='word_1_35' title='bbox 543 485 745 532; x_wconf 85' lang='lat' dir='ltr'>navibus</span> <span class='ocrx_word' id='word_1_36' title='bbox 777 481 913 532; x_wconf 63' lang='lat' dir='ltr'>tectis</span> <span class='ocrx_word' id='word_1_37' title='bbox 942 480 1216 548; x_wconf 52' lang='lat' dir='ltr'>profectus,</span> <span class='ocrx_word' id='word_1_38' title='bbox 1238 483 1298 530; x_wconf 93' lang='lat' dir='ltr'>ab</span> <span class='ocrx_word' id='word_1_39' title='bbox 1315 489 1497 531; x_wconf 74' lang='lat' dir='ltr'>Romana</span> 
     </span>
     <span class='ocr_line' id='line_1_7' title="bbox 27 550 1303 619; baseline -0.003 -18"><span class='ocrx_word' id='word_1_40' title='bbox 27 550 187 601; x_wconf 83' lang='lat' dir='ltr'>Roma</span> <span class='ocrx_word' id='word_1_41' title='bbox 208 554 468 619; x_wconf 77' lang='lat' dir='ltr'>Neapolim</span> <span class='ocrx_word' id='word_1_42' title='bbox 492 589 506 611; x_wconf 88' lang='lat'>‚</span> <span class='ocrx_word' id='word_1_43' title='bbox 531 554 628 618; x_wconf 75' lang='lat' dir='ltr'>quo</span> <span class='ocrx_word' id='word_1_44' title='bbox 654 552 711 600; x_wconf 93' lang='lat' dir='ltr'>ab</span> <span class='ocrx_word' id='word_1_45' title='bbox 742 550 881 600; x_wconf 86' lang='lat' dir='ltr'>sociis</span> <span class='ocrx_word' id='word_1_46' title='bbox 916 550 1019 614; x_wconf 81' lang='lat' dir='ltr'>ejus</span> <span class='ocrx_word' id='word_1_47' title='bbox 1052 568 1150 598; x_wconf 85' lang='lat' dir='ltr'>orae</span> <span class='ocrx_word' id='word_1_48' title='bbox 1179 567 1303 598; x_wconf 87' lang='lat' dir='ltr'>con-</span> 
     </span>
     <span class='ocr_line' id='line_1_8' title="bbox 26 616 1302 686; baseline -0.002 -15"><span class='ocrx_word' id='word_1_49' title='bbox 26 624 190 671; x_wconf 83' lang='lat' dir='ltr'>venire</span> <span class='ocrx_word' id='word_1_50' title='bbox 225 620 414 686; x_wconf 73' lang='lat' dir='ltr'>jusserat</span> <span class='ocrx_word' id='word_1_51' title='bbox 451 636 638 684; x_wconf 87' lang='lat' dir='ltr'>apertas</span> <span class='ocrx_word' id='word_1_52' title='bbox 672 636 854 678; x_wconf 87' lang='lat' dir='ltr'>naves,</span> <span class='ocrx_word' id='word_1_53' title='bbox 877 636 982 685; x_wconf 84' lang='lat' dir='ltr'>quae</span> <span class='ocrx_word' id='word_1_54' title='bbox 1019 635 1080 667; x_wconf 86' lang='lat' dir='ltr'>ex</span> <span class='ocrx_word' id='word_1_55' title='bbox 1112 616 1302 668; x_wconf 85' lang='lat' dir='ltr'>foedere</span> 
     </span>
     <span class='ocr_line' id='line_1_9' title="bbox 28 686 1304 755; baseline -0.002 -18"><span class='ocrx_word' id='word_1_56' title='bbox 28 688 327 738; x_wconf 79' lang='lat' dir='ltr'>debebantur</span> <span class='ocrx_word' id='word_1_57' title='bbox 347 727 361 748; x_wconf 75' lang='lat'>‚</span> <span class='ocrx_word' id='word_1_58' title='bbox 379 688 589 738; x_wconf 81' lang='lat' dir='ltr'>Siciliam</span> <span class='ocrx_word' id='word_1_59' title='bbox 616 688 728 736; x_wconf 89' lang='lat' dir='ltr'>inde</span> <span class='ocrx_word' id='word_1_60' title='bbox 752 689 897 754; x_wconf 88' lang='lat' dir='ltr'>petit:</span> <span class='ocrx_word' id='word_1_61' title='bbox 918 686 1142 755; x_wconf 68' lang='lat' dir='ltr'>fretoque</span> <span class='ocrx_word' id='word_1_62' title='bbox 1169 686 1304 736; x_wconf 81' lang='lat' dir='ltr'>Mes-</span> 
     </span>
     <span class='ocr_line' id='line_1_10' title="bbox 27 753 1305 823; baseline -0.002 -17"><span class='ocrx_word' id='word_1_63' title='bbox 27 755 186 806; x_wconf 81' lang='lat' dir='ltr'>sanam</span> <span class='ocrx_word' id='word_1_64' title='bbox 224 756 594 823; x_wconf 61' lang='lat' dir='ltr'>praeterveftus,</span> <span class='ocrx_word' id='word_1_65' title='bbox 617 774 764 822; x_wconf 86' lang='lat' dir='ltr'>quum</span> <span class='ocrx_word' id='word_1_66' title='bbox 799 754 878 803; x_wconf 86' lang='lat' dir='ltr'>sex</span> <span class='ocrx_word' id='word_1_67' title='bbox 914 753 1114 802; x_wconf 88' lang='lat' dir='ltr'>Punicas</span> <span class='ocrx_word' id='word_1_68' title='bbox 1152 771 1305 804; x_wconf 78' lang='lat' dir='ltr'>naves</span> 
     </span>
     <span class='ocr_line' id='line_1_11' title="bbox 30 821 1304 890; baseline -0.002 -17"><span class='ocrx_word' id='word_1_69' title='bbox 30 825 91 873; x_wconf 86' lang='lat' dir='ltr'>ad</span> <span class='ocrx_word' id='word_1_70' title='bbox 136 827 362 874; x_wconf 84' lang='lat' dir='ltr'>auxilium</span> <span class='ocrx_word' id='word_1_71' title='bbox 401 822 553 873; x_wconf 79' lang='lat' dir='ltr'>missas</span> <span class='ocrx_word' id='word_1_72' title='bbox 593 821 844 889; x_wconf 70' lang='lat' dir='ltr'>accepisset</span> <span class='ocrx_word' id='word_1_73' title='bbox 879 860 894 883; x_wconf 86' lang='lat'><strong>,</strong></span> <span class='ocrx_word' id='word_1_74' title='bbox 933 823 993 871; x_wconf 89' lang='lat' dir='ltr'>ab</span> <span class='ocrx_word' id='word_1_75' title='bbox 1031 821 1263 890; x_wconf 77' lang='lat' dir='ltr'>Rheginis</span> <span class='ocrx_word' id='word_1_76' title='bbox 1286 860 1304 884; x_wconf 92' lang='lat'><strong>,</strong></span> 
     </span>
     <span class='ocr_line' id='line_1_12' title="bbox 12 890 1305 959; baseline -0.002 -18"><span class='ocrx_word' id='word_1_77' title='bbox 12 891 286 959; x_wconf 64' lang='lat' dir='ltr'>&#39;Locrisque</span> <span class='ocrx_word' id='word_1_78' title='bbox 309 930 322 952; x_wconf 92' lang='lat'>,</span> <span class='ocrx_word' id='word_1_79' title='bbox 353 892 404 940; x_wconf 69' lang='grc' dir='ltr'>δί</span> <span class='ocrx_word' id='word_1_80' title='bbox 443 890 656 955; x_wconf 82' lang='lat' dir='ltr'>ejusdem</span> <span class='ocrx_word' id='word_1_81' title='bbox 687 891 799 955; x_wconf 82' lang='lat' dir='ltr'>juris</span> <span class='ocrx_word' id='word_1_82' title='bbox 830 890 968 939; x_wconf 84' lang='lat' dir='ltr'>sociis</span> <span class='ocrx_word' id='word_1_83' title='bbox 999 890 1183 940; x_wconf 83' lang='lat' dir='ltr'>debitas</span> <span class='ocrx_word' id='word_1_84' title='bbox 1213 909 1305 940; x_wconf 86' lang='lat' dir='ltr'>ex·-</span> 
     </span>
     <span class='ocr_line' id='line_1_13' title="bbox 28 957 1306 1028; baseline -0.002 -17"><span class='ocrx_word' id='word_1_85' title='bbox 28 959 193 1028; x_wconf 84' lang='lat' dir='ltr'>egisset</span> <span class='ocrx_word' id='word_1_86' title='bbox 219 978 366 1010; x_wconf 83' lang='lat' dir='ltr'>naves</span> <span class='ocrx_word' id='word_1_87' title='bbox 391 978 405 1018; x_wconf 81' lang='lat'>3</span> <span class='ocrx_word' id='word_1_88' title='bbox 438 959 626 1008; x_wconf 62' lang='lat' dir='ltr'>lustrata</span> <span class='ocrx_word' id='word_1_89' title='bbox 658 957 797 1008; x_wconf 81' lang='lat' dir='ltr'>classe</span> <span class='ocrx_word' id='word_1_90' title='bbox 830 959 890 1006; x_wconf 88' lang='lat' dir='ltr'>ad</span> <span class='ocrx_word' id='word_1_91' title='bbox 926 959 1175 1007; x_wconf 78' lang='lat' dir='ltr'>Lacinium</span> <span class='ocrx_word' id='word_1_92' title='bbox 1195 997 1209 1018; x_wconf 81' lang='lat'>‚</span> <span class='ocrx_word' id='word_1_93' title='bbox 1233 959 1306 1008; x_wconf 79' lang='lat' dir='ltr'>al-</span> 
     </span>
     <span class='ocr_line' id='line_1_14' title="bbox 32 1025 1310 1095; baseline -0.002 -17"><span class='ocrx_word' id='word_1_94' title='bbox 32 1042 135 1078; x_wconf 85' lang='lat' dir='ltr'>tum</span> <span class='ocrx_word' id='word_1_95' title='bbox 172 1032 310 1094; x_wconf 86' lang='lat' dir='ltr'>petit.</span> <span class='ocrx_word' id='word_1_96' title='bbox 341 1026 614 1095; x_wconf 82' lang='lat' dir='ltr'>Corcyram</span> <span class='ocrx_word' id='word_1_97' title='bbox 637 1064 653 1087; x_wconf 90' lang='lat'>,</span> <span class='ocrx_word' id='word_1_98' title='bbox 689 1044 832 1094; x_wconf 86' lang='lat' dir='ltr'>quam</span> <span class='ocrx_word' id='word_1_99' title='bbox 864 1028 1067 1091; x_wconf 86' lang='lat' dir='ltr'>primam</span> <span class='ocrx_word' id='word_1_100' title='bbox 1105 1025 1310 1076; x_wconf 80' lang='lat' dir='ltr'>Graeciae</span> 
     </span>
     <span class='ocr_line' id='line_1_15' title="bbox 32 1093 1308 1163; baseline -0.001 -17"><span class='ocrx_word' id='word_1_101' title='bbox 32 1099 282 1146; x_wconf 85' lang='lat' dir='ltr'>civitatum</span> <span class='ocrx_word' id='word_1_102' title='bbox 323 1096 438 1145; x_wconf 83' lang='lat' dir='ltr'>adiit</span> <span class='ocrx_word' id='word_1_103' title='bbox 465 1134 481 1157; x_wconf 92' lang='lat'>‚</span> <span class='ocrx_word' id='word_1_104' title='bbox 520 1112 669 1163; x_wconf 89' lang='lat' dir='ltr'>quum</span> <span class='ocrx_word' id='word_1_105' title='bbox 700 1093 934 1154; x_wconf 68' lang='lat' dir='ltr'>veniss‘et,</span> <span class='ocrx_word' id='word_1_106' title='bbox 971 1095 1308 1160; x_wconf 70' lang='lat' dir='ltr'>percun&amp;atus</span> 
     </span>
     <span class='ocr_line' id='line_1_16' title="bbox 33 1161 1307 1230; baseline 0 -16"><span class='ocrx_word' id='word_1_107' title='bbox 33 1165 94 1215; x_wconf 88' lang='lat' dir='ltr'>de</span> <span class='ocrx_word' id='word_1_108' title='bbox 116 1164 236 1213; x_wconf 87' lang='lat' dir='ltr'>statu</span> <span class='ocrx_word' id='word_1_109' title='bbox 258 1164 405 1223; x_wconf 89' lang='lat' dir='ltr'>belli,</span> <span class='ocrx_word' id='word_1_110' title='bbox 425 1162 670 1230; x_wconf 84' lang='lat' dir='ltr'>(necdum</span> <span class='ocrx_word' id='word_1_111' title='bbox 693 1165 822 1213; x_wconf 89' lang='lat' dir='ltr'>enim</span> <span class='ocrx_word' id='word_1_112' title='bbox 846 1165 1010 1211; x_wconf 84' lang='lat' dir='ltr'>omnia</span> <span class='ocrx_word' id='word_1_113' title='bbox 1035 1164 1083 1211; x_wconf 86' lang='lat' dir='ltr'>in</span> <span class='ocrx_word' id='word_1_114' title='bbox 1111 1161 1307 1214; x_wconf 84' lang='lat' dir='ltr'>Graecia</span> 
     </span>
     <span class='ocr_line' id='line_1_17' title="bbox 33 1229 1309 1301; baseline -0.001 -19"><span class='ocrx_word' id='word_1_115' title='bbox 33 1247 293 1301; x_wconf 86' lang='lat' dir='ltr'>perpacata</span> <span class='ocrx_word' id='word_1_116' title='bbox 319 1231 493 1297; x_wconf 87' lang='lat' dir='ltr'>erant)</span> <span class='ocrx_word' id='word_1_117' title='bbox 526 1233 580 1282; x_wconf 86' lang='lat'>&amp;</span> <span class='ocrx_word' id='word_1_118' title='bbox 616 1232 697 1280; x_wconf 83' lang='lat' dir='ltr'>ubi</span> <span class='ocrx_word' id='word_1_119' title='bbox 724 1229 875 1280; x_wconf 86' lang='lat' dir='ltr'>claffis</span> <span class='ocrx_word' id='word_1_120' title='bbox 904 1230 1127 1280; x_wconf 82' lang='lat' dir='ltr'>Romana</span> <span class='ocrx_word' id='word_1_121' title='bbox 1154 1230 1269 1281; x_wconf 87' lang='lat' dir='ltr'>esset</span> <span class='ocrx_word' id='word_1_122' title='bbox 1291 1269 1309 1293; x_wconf 92' lang='lat'>,</span> 
     </span>
     <span class='ocr_line' id='line_1_18' title="bbox 34 1298 1312 1368; baseline -0.001 -18"><span class='ocrx_word' id='word_1_123' title='bbox 34 1302 349 1368; x_wconf 79' lang='lat' dir='ltr'>posteaquam</span> <span class='ocrx_word' id='word_1_124' title='bbox 382 1300 563 1357; x_wconf 81' lang='lat' dir='ltr'>audivit</span> <span class='ocrx_word' id='word_1_125' title='bbox 595 1301 717 1348; x_wconf 89' lang='lat' dir='ltr'>circa</span> <span class='ocrx_word' id='word_1_126' title='bbox 735 1298 1184 1365; x_wconf 80' lang='lat' dir='ltr'>Thermopylarum</span> <span class='ocrx_word' id='word_1_127' title='bbox 1218 1299 1312 1349; x_wconf 89' lang='lat' dir='ltr'>sal-</span> 
     </span>
     <span class='ocr_line' id='line_1_19' title="bbox 33 1367 1310 1434; baseline 0 -18"><span class='ocrx_word' id='word_1_128' title='bbox 33 1384 137 1416; x_wconf 88' lang='lat' dir='ltr'>tum</span> <span class='ocrx_word' id='word_1_129' title='bbox 157 1371 204 1416; x_wconf 86' lang='lat' dir='ltr'>iu</span> <span class='ocrx_word' id='word_1_130' title='bbox 237 1367 439 1417; x_wconf 86' lang='lat' dir='ltr'>statione</span> <span class='ocrx_word' id='word_1_131' title='bbox 468 1367 711 1417; x_wconf 89' lang='lat' dir='ltr'>consulem</span> <span class='ocrx_word' id='word_1_132' title='bbox 746 1386 802 1416; x_wconf 85' lang='lat' dir='ltr'>ac</span> <span class='ocrx_word' id='word_1_133' title='bbox 835 1384 1001 1434; x_wconf 80' lang='lat' dir='ltr'>regem</span> <span class='ocrx_word' id='word_1_134' title='bbox 1039 1367 1165 1428; x_wconf 84' lang='lat' dir='ltr'>esse,</span> <span class='ocrx_word' id='word_1_135' title='bbox 1187 1367 1310 1416; x_wconf 86' lang='lat' dir='ltr'>clas-</span> 
     </span>
     <span class='ocr_line' id='line_1_20' title="bbox 33 1435 1311 1496; baseline 0.003 -12"><span class='ocrx_word' id='word_1_136' title='bbox 33 1437 132 1484; x_wconf 87' lang='lat' dir='ltr'>sem</span> <span class='ocrx_word' id='word_1_137' title='bbox 172 1436 336 1485; x_wconf 82' lang='lat' dir='ltr'>Piraeei</span> <span class='ocrx_word' id='word_1_138' title='bbox 371 1435 488 1485; x_wconf 85' lang='lat' dir='ltr'>stare</span> <span class='ocrx_word' id='word_1_139' title='bbox 512 1474 527 1496; x_wconf 83' lang='lat'>‚</span> <span class='ocrx_word' id='word_1_140' title='bbox 557 1436 892 1484; x_wconf 83' lang='lat' dir='ltr'>maturandum</span> <span class='ocrx_word' id='word_1_141' title='bbox 923 1450 1051 1483; x_wconf 86' lang='lat' dir='ltr'>ratus</span> <span class='ocrx_word' id='word_1_142' title='bbox 1088 1438 1311 1488; x_wconf 87' lang='lat' dir='ltr'>omnium</span> 
     </span>
     <span class='ocr_line' id='line_1_21' title="bbox 33 1503 1311 1579; baseline 0.001 -27"><span class='ocrx_word' id='word_1_143' title='bbox 33 1521 193 1553; x_wconf 86' lang='lat' dir='ltr'>rerum</span> <span class='ocrx_word' id='word_1_144' title='bbox 225 1503 365 1552; x_wconf 67' lang='lat' dir='ltr'>causa</span> <span class='ocrx_word' id='word_1_145' title='bbox 388 1542 402 1563; x_wconf 85' lang='lat'>‚</span> <span class='ocrx_word' id='word_1_146' title='bbox 442 1506 599 1579; x_wconf 84' lang='lat' dir='ltr'>pergit</span> <span class='ocrx_word' id='word_1_147' title='bbox 634 1506 850 1570; x_wconf 85' lang='lat' dir='ltr'>protinus</span> <span class='ocrx_word' id='word_1_148' title='bbox 891 1504 1120 1570; x_wconf 83' lang='lat' dir='ltr'>navigare</span> <span class='ocrx_word' id='word_1_149' title='bbox 1159 1503 1311 1554; x_wconf 89' lang='lat' dir='ltr'>Pelo-</span> 
     </span>
     <span class='ocr_line' id='line_1_22' title="bbox 34 1570 1311 1639; baseline 0.001 -19"><span class='ocrx_word' id='word_1_150' title='bbox 34 1571 323 1639; x_wconf 88' lang='lat' dir='ltr'>ponnesum.</span> <span class='ocrx_word' id='word_1_151' title='bbox 347 1571 376 1621; x_wconf 88' lang='lat'><strong>6</strong></span> <span class='ocrx_word' id='word_1_152' title='bbox 394 1570 570 1621; x_wconf 87' lang='lat' dir='ltr'>Samen</span> <span class='ocrx_word' id='word_1_153' title='bbox 597 1571 997 1638; x_wconf 84' lang='lat' dir='ltr'>Zacynthumque</span> <span class='ocrx_word' id='word_1_154' title='bbox 1016 1609 1030 1631; x_wconf 84' lang='lat'><strong>‚</strong></span> <span class='ocrx_word' id='word_1_155' title='bbox 1054 1574 1164 1637; x_wconf 89' lang='lat' dir='ltr'>quia</span> <span class='ocrx_word' id='word_1_156' title='bbox 1190 1590 1311 1638; x_wconf 86' lang='lat' dir='ltr'>par-</span> 
     </span>
     <span class='ocr_line' id='line_1_23' title="bbox 35 1639 1312 1707; baseline 0.004 -20"><span class='ocrx_word' id='word_1_157' title='bbox 35 1643 96 1688; x_wconf 79' lang='lat' dir='ltr'>tis</span> <span class='ocrx_word' id='word_1_158' title='bbox 138 1640 412 1689; x_wconf 84' lang='lat' dir='ltr'>AEtolorum</span> <span class='ocrx_word' id='word_1_159' title='bbox 448 1641 714 1689; x_wconf 84' lang='lat' dir='ltr'>maluerant</span> <span class='ocrx_word' id='word_1_160' title='bbox 747 1639 839 1689; x_wconf 89' lang='lat' dir='ltr'>esse</span> <span class='ocrx_word' id='word_1_161' title='bbox 861 1676 875 1699; x_wconf 87' lang='lat'>‚</span> <span class='ocrx_word' id='word_1_162' title='bbox 899 1641 1119 1705; x_wconf 89' lang='lat' dir='ltr'>protinus</span> <span class='ocrx_word' id='word_1_163' title='bbox 1159 1640 1312 1707; x_wconf 78' lang='lat' dir='ltr'>depo·</span> 
     </span>
     <span class='ocr_line' id='line_1_24' title="bbox 37 1707 1312 1775; baseline 0.003 -20"><span class='ocrx_word' id='word_1_164' title='bbox 37 1708 224 1774; x_wconf 85' lang='lat' dir='ltr'>pulatus</span> <span class='ocrx_word' id='word_1_165' title='bbox 242 1747 258 1767; x_wconf 92' lang='lat'>‚</span> <span class='ocrx_word' id='word_1_166' title='bbox 288 1708 502 1757; x_wconf 88' lang='lat' dir='ltr'>Maleam</span> <span class='ocrx_word' id='word_1_167' title='bbox 535 1709 687 1772; x_wconf 87' lang='lat' dir='ltr'>petit:</span> <span class='ocrx_word' id='word_1_168' title='bbox 710 1708 762 1756; x_wconf 74' lang='grc' dir='ltr'>ὅ(</span> <span class='ocrx_word' id='word_1_169' title='bbox 785 1707 1015 1774; x_wconf 64' lang='lat' dir='ltr'>prospera</span> <span class='ocrx_word' id='word_1_170' title='bbox 1034 1709 1312 1775; x_wconf 83' lang='lat' dir='ltr'>navigatio-</span> 
     </span>
     <span class='ocr_line' id='line_1_25' title="bbox 38 1775 1314 1842; baseline 0.003 -18"><span class='ocrx_word' id='word_1_171' title='bbox 38 1793 101 1824; x_wconf 86' lang='lat' dir='ltr'>ne</span> <span class='ocrx_word' id='word_1_172' title='bbox 142 1775 245 1823; x_wconf 89' lang='lat' dir='ltr'>usus</span> <span class='ocrx_word' id='word_1_173' title='bbox 276 1813 292 1836; x_wconf 84' lang='lat'><strong>,</strong></span> <span class='ocrx_word' id='word_1_174' title='bbox 335 1779 496 1842; x_wconf 88' lang='lat' dir='ltr'>paucis</span> <span class='ocrx_word' id='word_1_175' title='bbox 529 1776 696 1824; x_wconf 87' lang='lat' dir='ltr'>diebus</span> <span class='ocrx_word' id='word_1_176' title='bbox 728 1775 958 1825; x_wconf 80' lang='lat' dir='ltr'>Piraee&#39;um</span> <span class='ocrx_word' id='word_1_177' title='bbox 993 1776 1052 1824; x_wconf 86' lang='lat' dir='ltr'>ad</span> <span class='ocrx_word' id='word_1_178' title='bbox 1089 1792 1314 1828; x_wconf 87' lang='lat' dir='ltr'>veterem</span> 
     </span>
     <span class='ocr_line' id='line_1_26' title="bbox 41 1841 1316 1912; baseline 0.002 -20"><span class='ocrx_word' id='word_1_179' title='bbox 41 1841 231 1892; x_wconf 83' lang='lat' dir='ltr'>claffem</span> <span class='ocrx_word' id='word_1_180' title='bbox 265 1846 508 1909; x_wconf 82' lang='lat' dir='ltr'>pervenit.</span> <span class='ocrx_word' id='word_1_181' title='bbox 541 1844 625 1892; x_wconf 83' lang='lat' dir='ltr'>Ad</span> <span class='ocrx_word' id='word_1_182' title='bbox 659 1843 919 1909; x_wconf 82' lang='lat' dir='ltr'>Scyllaeum</span> <span class='ocrx_word' id='word_1_183' title='bbox 946 1842 1189 1909; x_wconf 84' lang='lat' dir='ltr'>Eumenes</span> <span class='ocrx_word' id='word_1_184' title='bbox 1229 1845 1316 1912; x_wconf 66' lang='lat' dir='ltr'>fex</span> 
     </span>
     <span class='ocr_line' id='line_1_27' title="bbox 39 1911 1318 1980; baseline 0.004 -21"><span class='ocrx_word' id='word_1_185' title='bbox 39 1927 151 1959; x_wconf 79' lang='lat' dir='ltr'>cum</span> <span class='ocrx_word' id='word_1_186' title='bbox 177 1911 327 1960; x_wconf 88' lang='lat' dir='ltr'>tribus</span> <span class='ocrx_word' id='word_1_187' title='bbox 357 1913 558 1960; x_wconf 85' lang='lat' dir='ltr'>navibus</span> <span class='ocrx_word' id='word_1_188' title='bbox 580 1914 786 1961; x_wconf 88' lang='lat' dir='ltr'>occurrit</span> <span class='ocrx_word' id='word_1_189' title='bbox 806 1929 819 1970; x_wconf 80' lang='lat'>3</span> <span class='ocrx_word' id='word_1_190' title='bbox 841 1930 988 1978; x_wconf 89' lang='lat' dir='ltr'>quum</span> <span class='ocrx_word' id='word_1_191' title='bbox 1015 1913 1200 1980; x_wconf 82' lang='lat' dir='ltr'>AEginae</span> <span class='ocrx_word' id='word_1_192' title='bbox 1233 1913 1318 1965; x_wconf 84' lang='lat' dir='ltr'>diu</span> 
     </span>
     <span class='ocr_line' id='line_1_28' title="bbox 42 1978 1316 2039; baseline 0.004 -12"><span class='ocrx_word' id='word_1_193' title='bbox 42 1980 252 2028; x_wconf 82' lang='lat' dir='ltr'>incertus</span> <span class='ocrx_word' id='word_1_194' title='bbox 296 1979 479 2028; x_wconf 79' lang='lat' dir='ltr'>consilii</span> <span class='ocrx_word' id='word_1_195' title='bbox 519 1978 671 2029; x_wconf 83' lang='lat' dir='ltr'>fuisset</span> <span class='ocrx_word' id='word_1_196' title='bbox 707 2017 721 2039; x_wconf 84' lang='lat'>‚</span> <span class='ocrx_word' id='word_1_197' title='bbox 766 1981 923 2028; x_wconf 71' lang='lat' dir='ltr'>utrum</span> <span class='ocrx_word' id='word_1_198' title='bbox 973 1980 1033 2028; x_wconf 87' lang='lat' dir='ltr'>ad</span> <span class='ocrx_word' id='word_1_199' title='bbox 1076 1982 1316 2033; x_wconf 59' lang='lat' dir='ltr'>tuendum</span> 
     </span>
     <span class='ocr_line' id='line_1_29' title="bbox 42 2046 1315 2114; baseline 0.004 -20"><span class='ocrx_word' id='word_1_200' title='bbox 42 2047 222 2095; x_wconf 82' lang='lat' dir='ltr'>rediret</span> <span class='ocrx_word' id='word_1_201' title='bbox 257 2064 459 2112; x_wconf 84' lang='lat' dir='ltr'>regnum</span> <span class='ocrx_word' id='word_1_202' title='bbox 483 2084 497 2107; x_wconf 90' lang='lat'>‚</span> <span class='ocrx_word' id='word_1_203' title='bbox 537 2046 806 2114; x_wconf 87' lang='lat' dir='ltr'>(audiebat</span> <span class='ocrx_word' id='word_1_204' title='bbox 845 2050 974 2097; x_wconf 89' lang='lat' dir='ltr'>enim</span> <span class='ocrx_word' id='word_1_205' title='bbox 1010 2048 1315 2099; x_wconf 88' lang='lat' dir='ltr'>Antiochum</span> 
     </span>
     <span class='ocr_line' id='line_1_30' title="bbox 45 2113 1315 2184; baseline 0.003 -21"><span class='ocrx_word' id='word_1_206' title='bbox 45 2113 218 2180; x_wconf 81' lang='lat' dir='ltr'>Ephesi</span> <span class='ocrx_word' id='word_1_207' title='bbox 246 2116 439 2164; x_wconf 80' lang='lat' dir='ltr'>navales</span> <span class='ocrx_word' id='word_1_208' title='bbox 470 2115 803 2179; x_wconf 85' lang='lat' dir='ltr'>terrestresque</span> <span class='ocrx_word' id='word_1_209' title='bbox 827 2133 993 2181; x_wconf 89' lang='lat' dir='ltr'>parare</span> <span class='ocrx_word' id='word_1_210' title='bbox 1020 2117 1223 2184; x_wconf 86' lang='lat' dir='ltr'>copias)</span> <span class='ocrx_word' id='word_1_211' title='bbox 1252 2136 1315 2168; x_wconf 85' lang='lat' dir='ltr'>an</span> 
     </span>
     <span class='ocr_line' id='line_1_31' title="bbox 31 2182 1318 2253; baseline 0.003 -21"><span class='ocrx_word' id='word_1_212' title='bbox 31 2182 273 2249; x_wconf 67' lang='lat' dir='ltr'>&#39;nusquam</span> <span class='ocrx_word' id='word_1_213' title='bbox 307 2183 585 2232; x_wconf 86' lang='lat' dir='ltr'>abscederet</span> <span class='ocrx_word' id='word_1_214' title='bbox 615 2183 674 2231; x_wconf 87' lang='lat' dir='ltr'>ab</span> <span class='ocrx_word' id='word_1_215' title='bbox 708 2182 942 2232; x_wconf 87' lang='lat' dir='ltr'>Romanis</span> <span class='ocrx_word' id='word_1_216' title='bbox 967 2223 982 2245; x_wconf 87' lang='lat'>‚</span> <span class='ocrx_word' id='word_1_217' title='bbox 1015 2202 1074 2236; x_wconf 73' lang='lat' dir='ltr'>ex</span> <span class='ocrx_word' id='word_1_218' title='bbox 1108 2204 1318 2253; x_wconf 88' lang='lat' dir='ltr'>quorum</span> 
     </span>
     <span class='ocr_line' id='line_1_32' title="bbox 44 2249 1316 2316; baseline 0.002 -16"><span class='ocrx_word' id='word_1_219' title='bbox 44 2249 236 2300; x_wconf 79' lang='lat' dir='ltr'>fortuna</span> <span class='ocrx_word' id='word_1_220' title='bbox 278 2250 357 2300; x_wconf 90' lang='lat' dir='ltr'>sua</span> <span class='ocrx_word' id='word_1_221' title='bbox 407 2250 660 2316; x_wconf 88' lang='lat' dir='ltr'>penderet.</span> <span class='ocrx_word' id='word_1_222' title='bbox 696 2250 744 2299; x_wconf 92' lang='lat' dir='ltr'><strong>A</strong></span> <span class='ocrx_word' id='word_1_223' title='bbox 779 2251 960 2301; x_wconf 84' lang='lat' dir='ltr'>Piraeeo</span> <span class='ocrx_word' id='word_1_224' title='bbox 995 2251 1060 2302; x_wconf 91' lang='lat' dir='ltr'>A.</span> <span class='ocrx_word' id='word_1_225' title='bbox 1095 2254 1271 2304; x_wconf 87' lang='lat' dir='ltr'>Atilius</span> <span class='ocrx_word' id='word_1_226' title='bbox 1298 2292 1316 2316; x_wconf 91' lang='lat'>,</span> 
     </span>
     <span class='ocr_line' id='line_1_33' title="bbox 44 2317 1316 2386; baseline 0.002 -18"><span class='ocrx_word' id='word_1_227' title='bbox 44 2319 226 2368; x_wconf 83' lang='lat' dir='ltr'>traditis</span> <span class='ocrx_word' id='word_1_228' title='bbox 271 2317 519 2367; x_wconf 85' lang='lat' dir='ltr'>successori</span> <span class='ocrx_word' id='word_1_229' title='bbox 555 2321 768 2385; x_wconf 88' lang='lat' dir='ltr'>quinque</span> <span class='ocrx_word' id='word_1_230' title='bbox 810 2320 865 2368; x_wconf 87' lang='lat'>&amp;</span> <span class='ocrx_word' id='word_1_231' title='bbox 905 2321 1076 2386; x_wconf 83' lang='lat' dir='ltr'>viginti</span> <span class='ocrx_word' id='word_1_232' title='bbox 1112 2322 1316 2371; x_wconf 86' lang='lat' dir='ltr'>navibus</span> 
     </span>
     <span class='ocr_line' id='line_1_34' title="bbox 8 2385 1315 2454; baseline 0.005 -21"><span class='ocrx_word' id='word_1_233' title='bbox 8 2425 21 2433; x_wconf 90' lang='lat'><strong>.</strong></span> <span class='ocrx_word' id='word_1_234' title='bbox 45 2387 178 2436; x_wconf 71' lang='lat' dir='ltr'>teffis</span> <span class='ocrx_word' id='word_1_235' title='bbox 202 2425 216 2446; x_wconf 93' lang='lat'>,</span> <span class='ocrx_word' id='word_1_236' title='bbox 247 2385 461 2435; x_wconf 89' lang='lat' dir='ltr'>Romam</span> <span class='ocrx_word' id='word_1_237' title='bbox 501 2385 568 2436; x_wconf 91' lang='lat' dir='ltr'>est</span> <span class='ocrx_word' id='word_1_238' title='bbox 620 2386 879 2454; x_wconf 64' lang='lat' dir='ltr'>profectus.</span> <span class='ocrx_word' id='word_1_239' title='bbox 918 2387 1082 2439; x_wconf 85' lang='lat' dir='ltr'>Livius</span> <span class='ocrx_word' id='word_1_240' title='bbox 1122 2389 1218 2439; x_wconf 66' lang='lat' dir='ltr'>una</span> <span class='ocrx_word' id='word_1_241' title='bbox 1259 2390 1315 2439; x_wconf 88' lang='lat'>&amp;</span> 
     </span>
    </p>
   </div>
   <div class='ocr_carea' id='block_1_3' title="bbox 50 2480 1323 2732">
    <p class='ocr_par' dir='ltr' id='par_1_3' title="bbox 50 2480 1323 2732">
     <span class='ocr_line' id='line_1_35' title="bbox 107 2480 1317 2539; baseline 0.002 -17"><span class='ocrx_word' id='word_1_242' title='bbox 107 2480 133 2522; x_wconf 85' lang='lat'><strong>6</strong></span> <span class='ocrx_word' id='word_1_243' title='bbox 155 2481 295 2521; x_wconf 72' lang='lat' dir='ltr'>Samen</span> <span class='ocrx_word' id='word_1_244' title='bbox 315 2482 648 2536; x_wconf 72' lang='lat' dir='ltr'>Zacynthumque,</span> <span class='ocrx_word' id='word_1_245' title='bbox 711 2483 945 2539; x_wconf 80' lang='lat' dir='ltr'>Zacynthus</span> <span class='ocrx_word' id='word_1_246' title='bbox 965 2483 1123 2524; x_wconf 80' lang='lat' dir='ltr'>Achaeis</span> <span class='ocrx_word' id='word_1_247' title='bbox 1139 2485 1317 2526; x_wconf 83' lang='lat' dir='ltr'>tradere·</span> 
     </span>
     <span class='ocr_line' id='line_1_36' title="bbox 50 2541 1322 2601; baseline 0.005 -21"><span class='ocrx_word' id='word_1_248' title='bbox 50 2541 138 2597; x_wconf 73' lang='lat' dir='ltr'>quia</span> <span class='ocrx_word' id='word_1_249' title='bbox 165 2548 291 2596; x_wconf 80' lang='lat' dir='ltr'>partis</span> <span class='ocrx_word' id='word_1_250' title='bbox 311 2542 538 2597; x_wconf 66' lang='lat' dir='ltr'>AEtolorrmz</span> <span class='ocrx_word' id='word_1_251' title='bbox 566 2558 651 2584; x_wconf 84' lang='lat' dir='ltr'>ma·</span> <span class='ocrx_word' id='word_1_252' title='bbox 712 2555 777 2586; x_wconf 88' lang='lat' dir='ltr'>tur</span> <span class='ocrx_word' id='word_1_253' title='bbox 795 2561 814 2584; x_wconf 87' lang='lat' dir='ltr'>a</span> <span class='ocrx_word' id='word_1_254' title='bbox 833 2546 1024 2599; x_wconf 62' lang='lat' dir='ltr'>praefeeto</span> <span class='ocrx_word' id='word_1_255' title='bbox 1053 2546 1322 2601; x_wconf 24' lang='lat' dir='ltr'>Amynandri.-</span> 
     </span>
     <span class='ocr_line' id='line_1_37' title="bbox 52 2602 1320 2661; baseline 0.006 -20"><span class='ocrx_word' id='word_1_256' title='bbox 52 2602 204 2643; x_wconf 68' lang='lat' dir='ltr'>lucrant</span> <span class='ocrx_word' id='word_1_257' title='bbox 218 2602 648 2661; x_wconf 79' lang='lat' dir='ltr'>effe..·depopulazus.]</span> <span class='ocrx_word' id='word_1_258' title='bbox 713 2608 760 2647; x_wconf 87' lang='lat' dir='ltr'>Id</span> <span class='ocrx_word' id='word_1_259' title='bbox 791 2608 998 2660; x_wconf 83' lang='lat' dir='ltr'>apparebit</span> <span class='ocrx_word' id='word_1_260' title='bbox 1025 2635 1037 2654; x_wconf 85' lang='lat'>‚</span> <span class='ocrx_word' id='word_1_261' title='bbox 1070 2606 1096 2647; x_wconf 84' lang='lat' dir='ltr'>fi</span> <span class='ocrx_word' id='word_1_262' title='bbox 1131 2609 1320 2650; x_wconf 78' lang='lat' dir='ltr'>conferas</span> 
     </span>
     <span class='ocr_line' id='line_1_38' title="bbox 52 2661 1323 2732; baseline 0.007 -27"><span class='ocrx_word' id='word_1_263' title='bbox 52 2661 152 2706; x_wconf 77' lang='lat' dir='ltr'>Haec</span> <span class='ocrx_word' id='word_1_264' title='bbox 171 2665 273 2707; x_wconf 57' lang='lat' dir='ltr'>faita</span> <span class='ocrx_word' id='word_1_265' title='bbox 289 2665 376 2708; x_wconf 86' lang='lat' dir='ltr'>sunt</span> <span class='ocrx_word' id='word_1_266' title='bbox 396 2694 408 2717; x_wconf 86' lang='lat'>,</span> <span class='ocrx_word' id='word_1_267' title='bbox 439 2677 654 2724; x_wconf 84' lang='lat' dir='ltr'>antequam</span> <span class='ocrx_word' id='word_1_268' title='bbox 715 2680 898 2724; x_wconf 84' lang='lat' dir='ltr'>tempora</span> <span class='ocrx_word' id='word_1_269' title='bbox 913 2668 978 2709; x_wconf 77' lang='lat' dir='ltr'>hic</span> <span class='ocrx_word' id='word_1_270' title='bbox 995 2670 1106 2732; x_wconf 57' lang='lat'>&amp;53</span> <span class='ocrx_word' id='word_1_271' title='bbox 1118 2679 1323 2720; x_wconf 75' lang='lat' dir='ltr'>2,n0tata·</span> 
     </span>
    </p>
   </div>
   <div class='ocr_carea' id='block_1_4' title="bbox 961 2725 1050 2794">
    <p class='ocr_par' dir='ltr' id='par_1_4' title="bbox 961 2725 1050 2794">
     <span class='ocr_line' id='line_1_39' title="bbox 961 2725 1050 2794; baseline -0.022 -17"><span class='ocrx_word' id='word_1_272' title='bbox 961 2725 1050 2794; x_wconf 68' lang='lat' dir='ltr'>Si]</span> 
     </span>
    </p>
   </div>
  </div>
 </body>
</html>
