1680 3052
382 88 500 166 456
666 86 721 144 T
767 103 788 143 1
832 105 872 144 τ
917 104 939 144 1
1036 90 1081 146 L
1127 105 1149 145 1
1193 107 1238 146 v
1280 106 1302 146 1
1347 106 1371 146 1
1568 152 1573 156 .

174 184 352 237 (rc-‚562
380 165 582 216 movisse
604 185 628 215 a
647 167 791 217 Samo
809 167 1061 217 Romanos
1084 170 1289 230 audivit,
1314 172 1366 220 &
1384 171 1444 220 ad
1466 172 1646 240 Myon.⁴

177 241 364 292 a,.C.190.
383 236 543 283 nesum
577 238 751 300 piratas
783 236 1057 301 persecutos
1081 274 1096 295 9
1115 236 1347 286 Teiorum
1380 257 1542 306 agrum
1566 243 1646 293 de-

175 300 181 307 ’
381 305 633 369 populari,
664 321 811 351 naves
834 306 880 350 in
915 302 1179 353 Geraestico
1210 322 1353 370 portu
1377 306 1493 356 stare
1515 347 1529 368 ‚
1548 311 1646 375 ipse

190 372 608 439 Polym-adversus
639 370 971 435 Myonnesum
1007 374 1055 419 in
1095 372 1242 421 insula
1279 371 1502 438 (Macrin
1536 393 1646 427 nau-

174 449 289 493 „idas
320 442 457 487 adtici
485 437 702 504 vocant)
734 456 933 487 ancoras
966 453 1107 503 portu
1140 442 1333 490 occulto
1363 439 1506 505 jecit3
1538 443 1646 495 inde

177 509 355 556 Macrin⁴
379 524 439 555 ex
471 508 744 571 propinquo
780 506 1035 570 explorans
1081 508 1195 574 quid
1230 508 1389 557 hostes
1421 527 1647 576 agerent,

379 576 538 641 primo
560 578 604 622 in
630 592 805 640 magna
825 573 906 640 spe
926 574 1015 622 fuit
1035 613 1049 634 ‚
1080 577 1494 642 quemadmodum
1511 576 1648 628 Rbo-

377 644 507 691 diam
540 640 729 690 classem
756 642 816 689 ad
852 641 1047 691 Samum
1069 681 1081 702 ,
1115 643 1418 694 circumseffis
1448 646 1508 694 ad
1543 648 1648 696 exi-

375 725 479 759 tum
516 709 730 758 faucibus
765 709 966 776 portus,
1009 711 1350 778 expugnasset,
1373 712 1435 760 fic
1473 712 1647 763 &Ro-

373 797 567 828 manam
602 794 1019 844 expugnaturum3
1047 796 1136 827 nec
1167 778 1232 828 est
1253 778 1478 830 diffimilis
1515 796 1648 831 natu-

375 864 426 896 ra
466 848 578 895 loci.
614 845 961 895 promontoriis
1006 848 1289 896 coeuntibus
1321 850 1444 896 inter
1486 849 1532 898 se
1580 852 1645 901 ita

377 915 610 963 clauditur
643 929 839 978 portus,
874 929 925 963 ut
949 915 1030 962 vix
1059 915 1164 962 duae
1189 915 1324 964 simul
1357 916 1466 966 inde
1498 934 1644 968 naves

373 981 552 1048 poffint
576 983 721 1030 exire.
742 980 899 1030 Nofle
926 999 1165 1049 occupare
1199 982 1358 1033 fauces
1388 984 1649 1049 Polyxeni-

375 1052 460 1099 das
498 1052 546 1098 in
583 1051 745 1098 animo
794 1049 1034 1111 habebat,
1073 1053 1125 1099 ὃ(
1176 1051 1310 1100 denis
1349 1054 1548 1102 navibus
1587 1054 1645 1104 ad

372 1119 714 1185 promontoria
751 1116 977 1166 stantibus
1005 1156 1018 1177 ,
1053 1137 1156 1187 quae
1182 1122 1240 1168 ab
1267 1134 1471 1188 utroque
1498 1139 1651 1186 cornu¹

375 1188 425 1235 in
449 1187 595 1235 latera
612 1187 890 1235 exeuntium
924 1188 1120 1235 navium
1152 1186 1453 1256 pugnarent,
1487 1206 1547 1239 ex
1568 1206 1649 1240 ce-

373 1271 477 1304 tera
511 1253 647 1302 classe
666 1291 680 1313 ,
715 1253 832 1302 sicut
857 1254 918 1303 ad
941 1254 1233 1304 panormum
1255 1257 1465 1317 fecerat,
1497 1274 1648 1308 arma-

374 1326 433 1372 tis
459 1325 507 1370 in
537 1322 698 1371 littora
720 1321 945 1388 expositis
967 1361 980 1382 ‚
1002 1325 1129 1372 terra
1160 1327 1372 1392 marique
1397 1325 1530 1374 simul
1552 1326 1648 1375 ho-

374 1390 463 1439 stes
496 1393 792 1456 opprimere.
827 1390 982 1455 Quod
1008 1410 1105 1440 non
1133 1410 1312 1442 vanum
1334 1395 1378 1442 ei
1399 1393 1648 1443 confilium

375 1458 563 1518 fuisset,
590 1461 670 1520 ni,
691 1476 837 1524 quum
864 1458 973 1507 Teii
993 1459 1198 1510 faEturos
1215 1460 1259 1510 se
1283 1463 1516 1527 imperata
1535 1481 1650 1528 pro-

376 1525 601 1576 misissent
620 1564 634 1586 ,
667 1529 726 1574 ad
747 1528 1055 1592 accipiendos
1084 1545 1380 1578 commeatus
1396 1533 1550 1596 aptius
1573 1531 1653 1579 viu

375 1596 476 1644 sum
511 1593 625 1643 effet
663 1593 899 1643 Romanis
931 1598 979 1643 in
1015 1614 1127 1645 eum
1158 1613 1382 1664 portum,
1418 1600 1500 1665 qui
1537 1613 1647 1648 ante

375 1665 548 1712 urbem
580 1661 676 1722 est,
712 1661 900 1712 classem
926 1664 1140 1715 transire.
1172 1665 1363 1714 Dicitur
1393 1667 1443 1714 &
1480 1665 1649 1715 Euda-

376 1750 482 1781 mus
513 1729 734 1779 Rhodius
765 1733 933 1781 vitium
957 1734 1146 1783 alterius
1167 1733 1332 1800 portfis
1368 1733 1652 1796 ostendisse,

376 1817 526 1866 quum
557 1799 684 1848 forte
713 1800 817 1847 duae
856 1819 1004 1850 naves
1034 1804 1082 1850 in
1117 1801 1244 1851 arSto
1285 1802 1406 1851 ostio
1441 1804 1650 1869 implici-

378 1882 457 1917 tos
496 1884 656 1916 remos
690 1866 951 1936 fregissent.
989 1869 1049 1918 Et
1083 1872 1208 1920 inter
1239 1871 1330 1919 alia
1365 1871 1415 1918 id
1452 1888 1649 1938 quoque

377 1938 536 1986 movit
567 1951 826 2001 praetorem
847 1975 861 1996 ‚
893 1952 945 1986 ut
972 1938 1223 1988 traducere
1259 1936 1448 1987 claffem
1467 1977 1482 1998 ‚
1516 1938 1648 2006 quod

378 2006 438 2053 ab
465 2019 590 2053 terra
611 2006 876 2069 periculum
903 2021 1004 2055 erat
1026 2046 1039 2069 ,
1061 2008 1187 2056 haud
1214 2007 1388 2074 procul
1411 2008 1524 2058 inde
1541 2007 1649 2058 An·

374 2073 543 2122 tiocho
577 2071 742 2120 stativa
774 2073 1001 2124 habente.

173 2145 366 2192 AEmilius
444 2139 633 2188 XXIX.
658 2139 901 2190 Traducta
927 2142 1065 2192 claffe
1101 2143 1161 2192 ad
1188 2144 1357 2197 urbem
1376 2179 1392 2204 ‚
1423 2161 1455 2208 7
1475 2143 1644 2212 ignaris
1678 2131 1680 2199 Ξ

173 2225 338 2252 conten·
377 2208 601 2261 omnibus
629 2208 795 2277 egreffi
823 2211 998 2259 milites
1030 2228 1280 2280 nautaeque
1308 2213 1646 2268 suntadcom-
1678 2203 1680 2258 ἶ

172 2274 234 2311 ἆὶῐ
315 2273 559 2339 “dvmeatus
595 2277 647 2324 &
679 2279 846 2325 vinum
882 2282 1090 2329 maxime
1129 2282 1446 2330 dividendum
1474 2283 1522 2330 in
1552 2299 1644 2346 ¹²²⁹,-

171 2334 327 2386 hOstssm·
374 2363 494 2407 ves;
527 2363 675 2410 quum
722 2347 885 2396 medio
925 2347 1052 2398 forte
1087 2350 1183 2398 diei
1224 2349 1416 2417 agrestis
1454 2350 1643 2417 quidam

371 2415 432 2463 ad
469 2430 729 2480 praetorem
773 2415 1004 2465 addufitus
1050 2421 1275 2479 nunciat,
1306 2421 1507 2468 alterum
1545 2417 1641 2483 jam

432 2517 457 2552 7
476 2501 631 2558 Ignaris
647 2501 856 2555 omnibus]
875 2502 977 2542 Om-
1040 2505 1303 2559 propinquam
1341 2505 1508 2548 hostium
1547 2502 1644 2550 clas&

370 2564 485 2604 nibus
507 2592 518 2611 ,
543 2563 620 2603 sive
642 2564 831 2603 Romanis
855 2592 866 2610 ‚
896 2563 975 2604 five
1041 2566 1120 2608 sem
1141 2566 1237 2615 effe.

369 2625 541 2676 Rhodiis
558 2654 570 2676 ,
591 2625 867 2684 ignorantibus
896 2636 976 2671 tam
1507 2685 1555 2735 d·
1622 2665 1627 2667 .

1545 2700 1640 2736 lem
