1680 3052
281 133 391 188 L·1
439 145 473 185 B
525 145 560 184 E
605 145 645 185 R
729 126 1092 185 XXXVI.
1222 128 1335 205 387

56 211 156 261 sum
194 212 455 261 redierunt.
491 208 694 257 isidorus
729 209 788 256 ab
825 205 1012 256 Cenaeo
1048 206 1538 274 Demetria-stoffif,

60 280 201 336 dem,
236 278 270 335 st
298 278 421 327 forte
454 278 514 326 eo
551 276 762 324 deferret
797 273 911 341 fuga
954 289 1117 341 regern
1139 311 1154 334 ‚
1182 275 1537 336 truie-zucam.

60 349 137 394 cit.
162 340 250 395 Per
282 345 479 395 eosdem
505 343 608 392 dies
641 344 704 392 A.
740 341 916 391 Atilius
946 341 1194 407 praefecius
1225 343 1337 393 Ro-

60 431 211 462 manae
245 411 394 462 claffis
416 450 430 472 ‚
465 429 666 479 magnos
698 411 854 477 regios
875 427 1178 459 commeatus
1199 448 1212 470 ‚
1237 409 1336 475 jam

60 479 267 541 fretum,
300 481 434 547 quod
470 480 529 528 ad
578 479 801 528 Andrum
837 477 1032 526 insulam
1074 476 1171 538 est,
1210 497 1336 544 prae-

59 548 298 598 tervec'ios
319 587 333 609 ‚
360 549 574 613 excepit:
595 549 707 595 alias
738 545 896 595 mersit
914 584 927 607 ,
958 547 1071 594 alias
1099 549 1227 612 cepit
1246 564 1339 594 na·

61 633 182 675 ves;
209 634 236 666 2
271 634 377 683 quae
412 613 676 666 noviffimae
707 616 907 682 agminis
950 629 1117 676 erant,
1151 614 1336 663 cursum

61 686 110 734 in
144 683 306 732 Asiam
355 699 622 733 verterunt.
674 683 849 731 Atilius
898 681 1171 741 Pimeum,
1206 683 1340 732 unde

62 751 302 820 profecius
325 768 424 801 erat
444 789 457 812 ,
484 769 592 799 cum
613 752 801 817 agmine
824 753 1119 816 captivarum
1140 753 1338 799 navium

61 819 278 869 revectus
302 858 315 880 ‚
348 837 572 886 magnam
603 822 703 868 vim
735 817 964 865 frumenti
989 818 1041 865 ἃ
1069 818 1340 868 Athenien-

64 887 218 943 fibus,
253 889 303 936 δι
334 889 434 935 aliis
471 884 684 951 ejusdem
710 887 922 952 regionis
960 885 1095 935 sociis
1133 886 1306 936 divifit.

132 954 268 1004 XXI.
321 955 592 1004 Antiochus
641 954 723 1002 sub
771 953 1032 1002 adventum
1075 954 1278 1003 consulis
1311 974 1338 1004 a
1391 981 1542 1022 Amo,

67 1021 301 1072 Chalcide
338 1022 611 1089 profecffls,
648 1020 843 1070 Tenum
880 1023 1037 1085 primo
1060 1025 1437 1083 tenuium-,5525
1500 1046 1540 1083 2„

66 1092 127 1140 de
163 1091 403 1158 Ephesum
424 1089 687 1140 transmisit.
717 1088 917 1139 Consuli
938 1087 1225 1140 Chalcidem
1245 1104 1480 1156 ve-Afi.:m

67 1162 217 1208 nienti
256 1176 406 1226 portae
444 1172 732 1225 patuerunt,
769 1175 914 1222 quum
942 1161 1517 1227 appropinquari-napae.

68 1244 115 1278 te
143 1245 204 1276 eo
226 1265 241 1287 ,
273 1227 589 1287 Aristoteles,
624 1224 872 1292 praefectus
909 1229 1034 1292 regis
1056 1264 1072 1285 ‚
1107 1228 1223 1276 urbe
1253 1245 1343 1277 ex·-

69 1294 288 1345 ceffisset.
319 1295 378 1343 Et
414 1312 586 1344 ceterae
616 1295 757 1342 urbes
794 1296 838 1341 in
874 1292 1060 1342 Euboea
1097 1293 1194 1344 fine
1232 1313 1341 1345 cer-

70 1366 251 1412 tamine
289 1364 471 1411 traditae
495 1401 509 1423 ‚
556 1360 825 1428 paucosque
867 1378 950 1427 per
984 1362 1085 1411 dies
1117 1364 1344 1413 omnibus

73 1433 369 1497 perpacatis,
402 1429 498 1479 fine
535 1431 673 1479 ullius
723 1447 850 1477 noxa
895 1430 1055 1489 urbis,
1105 1434 1346 1481 exercitus

72 1498 434 1566 Thermopylas
483 1497 698 1547 reductus
729 1515 739 1545 :
776 1497 929 1545 multo
973 1498 1206 1547 modestia
1240 1499 1347 1565 post

73 1566 320 1616 vi&oriam
345 1604 358 1626 ‚
392 1565 536 1631 quam
562 1566 667 1632 ipsa
700 1564 899 1613 viftoria
932 1565 1234 1617 laudabilior.
1264 1568 1350 1617 In-

75 1635 136 1684 de
169 1633 331 1683 consul
369 1633 442 1682 M.
476 1631 721 1683 Catonem
743 1671 757 1691 ,
785 1648 805 1697 3
836 1650 919 1699 per
953 1651 1098 1699 quem
1132 1653 1236 1702 quae
1260 1653 1351 1703 ge-

74 1702 138 1751 sta
168 1701 318 1751 essent
361 1701 546 1750 senatus
593 1702 892 1767 populusque
933 1700 1181 1751 Romanus
1219 1704 1348 1752 haud

74 1771 223 1819 dubio
255 1768 446 1818 auctore
469 1769 638 1831 sciret,
672 1769 880 1817 Romam
907 1769 1042 1819 misit.
1060 1770 1103 1819 Is
1125 1770 1347 1821 aCreusa
1419 1795 1518 1834 Caco

68 1837 96 1903 (
117 1836 479 1904 Thespiensium
514 1839 786 1903 emporium
825 1834 925 1897 est,
959 1839 1006 1885 in
1046 1840 1216 1888 intimo
1247 1839 1517 1895 finununcim

14 1914 20 1918 “
77 1905 393 1956 Corinthiaco
427 1904 722 1971 retractum)
757 1903 916 1953 Patras
953 1906 1149 1955 Achaiae
1191 1910 1541 1974 petitzvifioriae.

78 1993 105 2024 a
134 1973 283 2022 Patris
316 1972 589 2039 Corcyram
623 1971 767 2038 usque
800 1973 989 2022 AEroliae
1019 1989 1162 2041 atque
1196 1975 1353 2025 Acar-

78 2044 230 2092 naniae
263 2042 422 2090 littora
462 2042 575 2108 legit
606 2058 616 2088 :
652 2056 796 2107 atque
828 2042 894 2088 ita
937 2041 996 2088 ad
1031 2042 1351 2109 Hydruntum

78 2109 223 2160 Italiae
251 2109 473 2174 traiecit3
509 2111 676 2176 quinto
704 2111 781 2157 die
813 2108 925 2156 inde
945 2110 1151 2175 pedestri
1179 2114 1351 2163 itinere

79 2177 292 2227 Romam
341 2179 525 2244 ingenti
561 2176 691 2225 cursu
727 2178 951 2243 pervenit
986 2193 1000 2236 ;
1048 2194 1159 2228 ante
1191 2180 1352 2229 lucem

66 2244 305 2314 ‚ingressus
345 2246 515 2293 urbetn
536 2281 551 2303 ,
581 2263 606 2292 a
633 2260 774 2311 porta
802 2246 862 2292 ad
883 2259 1143 2309 praetorem
1173 2248 1247 2297 M.
1267 2249 1353 2298 Ju-

36 2323 39 2326 '
79 2316 211 2363 nium
239 2316 327 2363 iter
359 2313 580 2362 intendit.
619 2312 662 2360 Is
693 2312 847 2379 prima
880 2313 987 2361 luce
1019 2313 1233 2363 senatum
1260 2335 1354 2365 vo-

82 2384 243 2442 cavit3
278 2382 376 2448 quo
417 2381 474 2429 L.
512 2379 769 2429 Cornelius
813 2379 1006 2445 Scipio,
1041 2383 1224 2448 aliquot
1248 2384 1356 2432 die-

83 2450 170 2500 bus
201 2450 310 2499 ante
349 2467 375 2498 a
408 2447 600 2498 consule
633 2446 839 2497 dimissus
860 2485 873 2508 ,
905 2466 1051 2514 quum
1090 2452 1356 2501 adveniens

149 2550 174 2578 2
211 2537 308 2596 Quae
339 2536 542 2592 noviffimae
574 2536 692 2593 agmi-
817 2537 1102 2591 3·Perquem...
1123 2539 1224 2576 haud
1240 2537 1355 2577 dubio

87 2597 193 2653 ηἱς.]
216 2600 347 2656 Magis
367 2603 548 2654 placeret
564 2595 692 2654 noris·
755 2599 906 2639 auctore
928 2600 943 2652 ]
965 2599 1071 2652 Lege
1091 2626 1100 2643 ,
1124 2613 1196 2652 per
1218 2614 1358 2652 quem..

83 2659 186 2713 fimi.
757 2662 857 2701 haud
875 2661 1025 2701 dubium
1048 2660 1252 2702 oufforem.

999 2716 1092 2782 Rij
