1680 3052
336 122 697 185 L1BER
778 121 1112 183 XXXII.
1263 140 1365 187 101

89 205 345 276 gerentur,
391 204 633 271 recepturi
682 202 925 251 moenibus
961 205 1251 255 videbantur
1292 222 1578 277 autUc‚554;

91 277 297 335 ducem,
327 286 407 323 aut
435 273 700 322 exercitum
731 269 1028 319 Romanum.
1387 279 1576 332 a.c.198.

160 342 297 392 XIX.
334 342 538 391 Elatiam
575 337 812 389 obsidenti
846 337 1028 387 consuli
1062 339 1130 386 rei
1168 337 1366 402 majoris

91 410 200 478 spes
229 409 426 469 affulsit,
456 407 752 457 Achaeorum
798 420 995 473 gentem
1031 405 1092 454 ab
1140 405 1366 458 societate

92 481 225 546 regia
256 478 317 526 ad
352 478 625 526 Romanam
659 476 919 524 amicitiam
953 473 1222 523 avertendi.
1257 473 1368 539 Cy-

93 546 297 596 cliadem
314 577 331 603 ,
369 545 638 611 principem
655 541 874 592 factionis
896 542 956 591 ad
981 541 1254 607 Philippum
1273 557 1370 590 tra-

91 615 306 664 hentium
336 630 440 673 res,
482 612 782 677 expulerant.
812 609 1073 660 Aristaenus
1093 647 1108 670 ‚
1141 612 1220 674 qui
1256 609 1370 658 Ro-

90 683 241 730 manis
261 694 459 747 gentem
485 677 621 746 jungi
641 678 868 740 volebat,
888 692 1067 744 praetor
1095 692 1212 727 erat.
1233 675 1371 726 Clas-

89 747 147 797 sis
175 746 396 798 Romana
426 764 537 796 cum
576 747 746 797 Attalo
776 746 828 796 &
862 746 1068 795 Rhodiis
1103 744 1367 795 Cenchreis

85 814 268 876 stabat,
299 814 624 881 parabantque
672 816 920 865 communi
954 830 1127 863 omnes
1165 813 1365 863 confflio

86 881 377 933 Corinthum
425 899 729 951 oppugnare.
771 881 1032 949 Optimum
1066 884 1209 948 igitur
1240 899 1367 932 ratus

86 949 185 1012 est,
216 951 486 1018 priusquam
516 968 624 1001 eam
656 967 758 1000 rem
784 951 1160 1018 aggrederentur
1186 987 1200 1005 ,
1233 950 1368 1017 lega·
1430 973 1572 1017 Lagari

84 1032 162 1068 tos
193 1020 254 1068 ad
294 1035 490 1086 gentem
531 1019 826 1069 Achaeorum
855 1021 1005 1078 mitti,
1039 1019 1328 1085 pollicentes
1348 1056 1361 1079 ‚
1381 1015 1571 1074 affaliu-

16 1110 19 1113 ·
83 1085 119 1137 fi
147 1087 206 1136 ab
236 1105 350 1154 rege
382 1088 445 1136 ad
479 1086 732 1137 Romanos
766 1085 1078 1146 defecissent,
1116 1104 1143 1134 2
1179 1084 1362 1136 Corin·
1379 1099 1437 1138 nis,
1460 1099 1571 1137 &eo-

71 1153 220 1205 -thum
275 1158 330 1205 iis
384 1155 741 1205 contributuros
791 1157 842 1204 in
900 1156 1148 1222 antiquum
1206 1157 1459 1222 gentisram
1495 1158 1573 1214 jb-

81 1223 362 1274 concilium.
388 1222 604 1273 Αιιξὶοτε
635 1221 828 1272 consule
846 1259 860 1281 ‚
877 1223 1023 1290 legati
1044 1241 1070 1271 a
1095 1222 1238 1273 fratre
1258 1222 1362 1288 ejus
1380 1222 1449 1263 ciis
1520 1223 1571 1260 ⁰⁶1

80 1288 139 1341 L.
163 1289 407 1356 Quintio,
435 1292 487 1341 &
518 1290 687 1341 Attalo
709 1328 724 1351 ‚
757 1290 808 1340 &
836 1289 1043 1341 Rhodiis
1063 1328 1078 1351 ‚
1117 1291 1170 1339 &
1201 1291 1361 1341 Athe·
1378 1285 1558 1327 mmm·

79 1358 319 1409 nienfibus
344 1397 358 1418 ‚
389 1359 448 1408 ad
474 1357 684 1409 Achaeos
717 1356 852 1408 misti.
881 1357 1098 1425 Sicyone
1122 1359 1286 1408 datum
1306 1362 1363 1411 iis

79 1425 151 1475 est
181 1427 456 1477 concilium.
485 1425 598 1476 Erat
632 1443 794 1477 autem
824 1444 925 1478 non
955 1427 1221 1477 admodum
1253 1427 1363 1477 fim-

77 1494 192 1562 plex
225 1494 412 1544 habitus
445 1497 859 1546 animorum‘inter
882 1494 1090 1545 Achaeos
1121 1497 1361 1547 :terrebat
1397 1515 1569 1556 Achm-

77 1578 168 1612 eos
215 1562 611 1614 Lacedaemonius
645 1567 802 1632 gravis
843 1564 892 1612 &
932 1562 1135 1613 affiduus
1166 1564 1314 1614 hostis
1348 1583 1456 1617 :ram
1479 1578 1570 1632 flu-

77 1630 340 1681 horrebant
376 1631 601 1681 Romana
633 1650 792 1681 arma:
816 1632 1146 1682 Macedonum
1167 1632 1356 1683 benefi-
1376 1640 1505 1679 finam
1527 1639 1565 1679 6·

77 1700 164 1749 ciis
200 1699 255 1749 &
281 1701 523 1750 veteribus
551 1702 602 1750 &
635 1702 906 1750 recentibus
942 1702 1145 1768 obligati
1177 1717 1313 1751 erant
1341 1702 1525 1751 :incerta

75 1783 246 1834 regem
273 1768 427 1835 ipsum
448 1767 711 1836 suspectum
734 1769 977 1819 habebant
1000 1787 1090 1837 pro
1118 1767 1220 1835 ejus
1242 1789 1355 1820 cru-
1370 1778 1494 1809 mens.

74 1835 273 1886 delitate
305 1835 601 1903 perfidiaque
619 1875 634 1898 ‚
670 1854 828 1904 neque
858 1855 917 1887 ex
947 1838 1001 1886 iis
1033 1855 1139 1903 quae
1166 1854 1270 1887 tum
1295 1838 1359 1888 ad

76 1915 270 1969 tempus
286 1903 467 1955 faceret
484 1905 766 1956 aestimantes
784 1944 799 1967 ,
831 1907 1106 1973 graviorem
1131 1905 1236 1972 post
1258 1908 1360 1957 bel·

75 1970 178 2020 lum
215 1973 468 2022 dominum
502 1973 714 2023 futurum
750 1973 1011 2024 cernebant
1046 1991 1058 2022 t
1090 1990 1250 2042 neque
1283 1975 1362 2025 so-

76 2039 178 2088 lum
197 2076 211 2099 ,
246 2041 362 2106 quid
389 2043 437 2090 in
471 2040 635 2091 senatu
666 2041 864 2109 quisque
896 2043 1100 2091 civitatis
1132 2043 1254 2104 suae,
1279 2059 1360 2094 aut

75 2107 126 2155 in
177 2110 514 2158 communibus
551 2111 766 2159 conciliis
810 2113 965 2179 gentis
1002 2128 1092 2175 pro
1124 2109 1361 2161 sententia

74 2175 293 2225 dicerent
313 2214 328 2236 ‚
361 2178 682 2243 ignorabant:
714 2178 795 2228 sed
830 2196 891 2228 ne
918 2176 1027 2245 ipfis
1059 2179 1257 2245 quidem
1289 2179 1363 2230 se-

74 2259 187 2292 cum
220 2245 542 2312 cogitantibus
564 2284 578 2305 ‚
614 2246 729 2313 quid
768 2248 988 2305 vellent,
1015 2261 1094 2295 aut
1130 2248 1246 2313 quid
1268 2266 1362 2315 op-

73 2323 234 2362 tarent
259 2350 276 2375 ,
317 2312 424 2362 satis
455 2312 718 2365 constabat.
751 2315 834 2364 Ad
861 2316 1086 2366 homines
1114 2317 1179 2365 ita
1207 2317 1364 2365 incers

139 2426 167 2455 2
187 2414 408 2454 Corinthum
425 2416 472 2456 iis
488 2417 685 2457 contribu-
748 2418 884 2459 fuerat
918 2431 930 2460 t
966 2433 1088 2466 mox,
1121 2418 1359 2472 urgentibus

79 2485 186 2515 turos
207 2479 249 2515 in
274 2476 486 2531 antiquum.
508 2493 521 2532 j
544 2478 687 2519 Corin·
750 2480 988 2521 Cleomenis
1011 2481 1117 2535 regis
1138 2479 1358 2531 Spartano-

78 2536 171 2576 thus
213 2538 261 2576 ab
303 2538 434 2579 Arato
485 2541 687 2594 quondam
748 2556 836 2581 rum
879 2541 1029 2589 armis,
1062 2540 1275 2594 Antigono
1315 2542 1361 2585 ὃς

75 2595 188 2638 furto
217 2597 330 2638 unius
361 2600 487 2642 noctis
512 2602 685 2644 interce·
750 2603 1050 2646 Macedonibus
1082 2601 1259 2646 reddita.

67 2668 144 2721 ¹pta
168 2686 183 2719 ρ
233 2658 394 2704 Achaeis
453 2664 688 2708 contributa
1130 2718 1141 2728 ,

1032 2719 1074 2772 E
1097 2721 1149 2790 ii)⁵
