1680 3052
88 204 280 258 chss,

90 261 283 314 a.C.197.

108 1708 280 1759 Tertius.

298 111 415 174 ³128
583 110 855 174 T1¹r1
953 116 1295 175 L1v11

299 211 449 261 quum
486 194 780 262 aliquamdiu
819 196 1005 248 secreto
1047 199 1198 247 locuti
1240 195 1389 248 essent
1422 203 1440 260 ζ
1479 208 1589 264 quae

300 263 401 312 afia
435 264 496 312 ad
529 264 637 314 suos
672 264 920 331 Philippus
955 265 1169 315 retulerit
1199 303 1213 326 ‚
1249 268 1407 314 minus
1445 283 1592 315 com-

295 346 491 398 pertum
518 331 602 383 est.
624 332 859 398 Quintius
882 334 983 381 haec
1015 334 1175 383 retulit
1202 333 1262 382 ad
1284 333 1440 383 socios
1461 351 1471 381 ι
1490 338 1591 382 Ro-

297 402 448 450 manis
478 419 575 449 eum
609 403 760 449 cedere
788 402 886 449 tota*
914 403 1098 466 lllyrici
1134 401 1215 451 ord
1238 438 1255 460 ,
1269 401 1489 468 perfitgas
1518 420 1592 450 re·-

299 470 471 517 mittere
494 505 512 527 ,
537 487 592 516 ac
615 470 664 533 fi
685 470 762 533 qui
798 467 929 533 effint
962 473 1141 535 captivi
1165 471 1367 521 :Attalo
1400 488 1543 518 naves
1569 506 1587 529 ‚

302 537 348 586 δ’
378 555 475 585 cum
503 538 563 584 iis
597 552 756 601 captos
789 538 985 585 navales
1010 538 1203 602 fhcios;
1222 539 1421 587 Rhodiis
1445 540 1590 603 regio·-

299 622 399 654 nem
425 642 440 662 ‚
476 622 608 668 quam
641 605 845 652 Peraeam
880 620 1050 654 vocant
1074 643 1088 666 ‚
1124 608 1304 654 reddere
1341 625 1355 655 .-
1388 603 1506 669 Iaffi)
1545 606 1590 654 6³

297 673 541 738 Bargyliis
573 691 663 720 non
697 671 910 736 cefficrum
937 675 1150 723 :AEtolis
1176 674 1454 739 Pharsalum
1489 676 1592 721 La-

299 737 537 804 riſjlzmque
557 741 737 788 reddere
751 778 767 798 ,
783 757 815 802 7
840 742 1014 790 Thebas
1033 761 1125 790 non
1142 744 1322 790 reddere
1342 743 1553 794 :Achaeis
1574 779 1592 800 ,

306 827 397 856 non
436 810 571 874 Argis
607 808 739 857 modo
771 845 786 867 ‚
815 809 901 874 fied
942 811 1077 858 etiam
1114 812 1329 859 Corintho
1360 809 1592 874 ceffurum·.

302 874 441 925 Nulli
475 877 693 924 omnium
733 877 926 942 placere
949 916 963 937 ‚
988 879 1195 941 partium
1230 879 1403 942 quit-us
1437 875 1594 925 cess'u-

304 961 384 992 rus
410 981 425 1004 ,
460 959 539 992 aut
585 963 684 993 non
725 943 928 994 ceffurus
972 945 1123 1005 esset,
1160 944 1431 995 destinatio.
1472 946 1593 995 Plus

302 1014 420 1060 enim
449 1014 600 1061 amitti
632 1015 680 1061 in
709 1015 775 1060 eis
796 1051 812 1072 ‚
844 1014 976 1078 qua'm
1014 1017 1191 1079 acquiri
1211 1033 1230 1072 ;
1254 1032 1333 1062 nec
1360 1031 1557 1078 unquam
1579 1049 1595 1074 ‚

301 1082 392 1145 mfi
422 1081 520 1146 torci
556 1080 810 1144 deduxtffet
842 1083 1027 1131 Graecid
1061 1084 1279 1149 praefidia
1304 1119 1321 1141 ,
1359 1081 1389 1131 8
1427 1080 1595 1147 causas

307 1151 604 1198 certaminum
635 1152 871 1214 deponere.
1628 1155 1663 1178 ”·

364 1215 607 1265 XXXVI.
631 1217 802 1283 Quum
834 1219 935 1267 haec
969 1232 1079 1269 toto
1110 1235 1170 1269 ex
1201 1218 1411 1268 concilio
1436 1230 1598 1267 certa-

300 1285 389 1334 tim
422 1302 596 1334 omnes
627 1284 1012 1336 vociferarentur
1033 1325 1047 1347 ,
1069 1288 1130 1337 ad
1160 1286 1438 1354 Philippum
1466 1304 1599 1352 quo-

303 1369 397 1418 que
432 1355 603 1419 procul
643 1353 846 1404 stantem
876 1372 976 1405 vox
1007 1354 1074 1404 est
1107 1357 1293 1422 perlata
1325 1373 1336 1404 ε
1377 1358 1539 1421 itaque
1569 1372 1598 1404 a

305 1419 520 1484 Quintio
546 1424 703 1489 petit,
727 1438 778 1472 ut
804 1440 906 1473 rem
931 1439 1088 1472 totam
1119 1426 1166 1472 in
1198 1423 1444 1490 posterum
1467 1422 1598 1473 diem

306 1488 520 1539 differret
546 1509 554 1538 :
582 1490 802 1555 profeffl)
831 1507 911 1541 aut
936 1491 1265 1556 persuasurum
1284 1491 1364 1550 se,
1386 1507 1464 1541 aut
1486 1508 1601 1558 per-

309 1556 497 1608 suaderi
529 1557 610 1607 fibi
643 1558 897 1626 passurum.
924 1559 1077 1609 Littus
1109 1560 1170 1609 ad
1192 1559 1465 1609 Thronium
1495 1559 1605 1612 cole

311 1627 483 1694 loquio
526 1626 787 1677 destinatur
818 1646 828 1676 z
859 1630 921 1679 eo
961 1629 1148 1678 mature
1192 1643 1491 1679 conventum
1521 1626 1607 1678 est.

309 1694 382 1745 Ibi
415 1694 665 1764 Philippus
698 1699 856 1765 primo
897 1698 951 1748 &
989 1698 1250 1764 Quintium
1280 1736 1295 1759 ‚
1333 1698 1386 1746 &
1426 1714 1601 1746 omnes

311 1767 394 1831 qui
431 1765 668 1828 aderant,
712 1783 921 1834 rogare,
961 1784 1022 1816 ne
1068 1765 1202 1833 spem
1242 1768 1373 1833 pacis
1411 1765 1602 1815 turbare

310 1834 516 1884 vellent.
538 1832 792 1885 Postremo
824 1851 992 1901 petere
1021 1849 1214 1902 tempus
1238 1872 1252 1895 ‚
1276 1852 1374 1900 quo
1411 1834 1604 1900 legatos

312 1900 528 1951 Romam
576 1903 638 1951 ad
686 1903 901 1954 senatum
947 1905 1141 1952 mittere
1185 1901 1355 1968 posset.
1390 1905 1493 1951 Aut
1532 1903 1604 1950 his

315 1972 658 2021 conditionibus
683 1973 734 2037 se
766 1990 928 2038 pacem
950 1974 1293 2038 impetraturum
1314 2009 1332 2028 ,
1362 1986 1443 2019 aut
1468 1969 1607 2035 quas?-

317 2056 492 2104 cunque
509 2040 701 2103 senatus
722 2038 907 2104 dediffiet
925 2042 1043 2106 leges
1063 2042 1197 2105 pacis
1218 2055 1521 2104 accepturum.
1546 2036 1606 2086 Id

317 2109 492 2156 ceteris
517 2107 888 2175 haudquaquam
907 2108 1155 2174 placebat:
1174 2124 1264 2157 nec
1290 2108 1422 2156 enim
1440 2106 1569 2155 aliud
1589 2143 1605 2169 ‚

319 2174 468 2241 quam
497 2192 689 2225 moram
721 2177 774 2225 ὃ(
806 2177 1092 2226 dilationem
1122 2177 1184 2225 ad
1206 2174 1504 2243 colligendas
1533 2176 1610 2222 vi-

317 2259 394 2292 res
415 2281 428 2302 ‚
458 2245 620 2309 quaeri.
643 2243 876 2310 Quintius
906 2282 921 2305 ‚
944 2264 1096 2295 verum
1121 2247 1172 2294 id
1191 2243 1399 2309 futurum
1428 2241 1565 2307 fuiffi‘
1591 2279 1606 2305 ,

316 2312 480 2360 'dicere
502 2347 515 2369 ,
545 2314 594 2376 fi
619 2316 741 2373 aeslas
775 2350 790 2373 ‚
831 2315 878 2362 ‹3›
920 2328 1096 2380 tempus
1128 2331 1272 2362 rerum
1309 2313 1607 2379 gerendarum

319 2379 421 2445 effer
448 2398 587 2429 :nunc
608 2381 749 2429 hieme
769 2383 956 2447 instante
976 2382 1097 2438 nilzil
1113 2382 1262 2430 amitti
1282 2418 1297 2442 ,
1315 2381 1424 2429 dato
1450 2379 1608 2445 spatio

381 2486 408 2523 7
451 2470 615 2512 Thebas.
642 2473 658 2525 ]
707 2471 876 2514 Phthias
912 2486 925 2514 τ
1056 2470 1081 2514 8
1102 2468 1245 2526 Causas
1267 2470 1520 2515 certaminum
1540 2471 1607 2511 de·

317 2533 559 2574 maritimum
576 2534 797 2587 emporium
812 2563 825 2580 ‚
848 2548 929 2588 quo
989 2540 1174 2588 ponere-K}
1199 2533 1340 2587 Lege,
1365 2529 1503 2589 causas
1525 2547 1610 2585 cerff

318 2594 438 2635 facile
459 2609 598 2639 carere
618 2594 824 2652 Philippus
845 2610 929 2641 non
994 2594 1181 2637 caminum
1208 2593 1365 2650 defore·

317 2656 467 2712 poffet.
