1680 3052
303 125 655 183 L1BER
736 121 1081 180 XXXII.
1259 127 1328 196 83

52 206 106 260 8<
128 206 207 257 sub
242 204 421 255 Tifatis
449 200 633 268 Capuae
667 217 836 267 agrum
865 203 1209 251 vendiderunt.
1235 202 1334 254 Sub
1351 220 1539 275 U-c·553·

50 277 184 327 idem
214 290 406 341 tempus
433 271 490 320 L.
523 269 734 318 Manlius
756 267 991 316 Acidinus
1023 287 1081 317 ex
1101 270 1335 336 Hispania
1348 277 1541 332 a.C.199.

52 343 297 403 decedens
315 379 330 402 ,
359 340 631 408 prohibitus
660 356 687 386 a
715 335 789 386 M.
816 335 991 385 Porcio
1023 336 1162 386 Laeca
1181 339 1332 387 tribu-

51 431 118 462 no
156 412 307 479 plebis
326 448 340 471 ‚
376 425 438 458 ne
463 425 615 458 ovans
648 405 827 455 rediret
847 442 862 465 ‚
892 421 1039 470 quum
1077 406 1136 454 ab
1167 407 1331 457 senatu

49 477 343 547 impetrasset
358 515 372 538 ‚
391 477 604 543 privatus
625 474 796 525 urbem
813 473 1087 540 ingrediens
1105 510 1120 533 ‚
1148 488 1168 540 5
1201 476 1333 526 mille

53 549 259 599 ducenta
294 544 462 612 pondo
491 545 713 612 argenti,
746 543 939 610 triginta
970 542 1143 609 pondo
1172 540 1331 598 ferme

52 619 152 666 auri
180 618 226 664 in
256 615 474 664 aerarium
500 614 623 662 tulit.
651 609 846 662 Eodem
876 627 1004 659 anno
1023 607 1122 661 Cn.
1141 608 1331 661 Baebius
1347 642 1418 680 Cn.
1446 639 1536 683 Bm·

50 683 366 750 Tamphilus,
404 681 485 747 qui
526 680 585 729 ab
631 677 695 729 C.
740 678 942 729 Aurelio
980 678 1174 729 consule
1218 682 1328 729 anni
1343 701 1425 742 hius
1455 706 1537 744 cir-

48 752 219 818 prioris
254 750 553 817 provinciam
584 745 796 797 Galliam
828 763 1084 812 acceperat
1105 785 1120 810 ,
1143 761 1328 799 temere
1344 780 1519 806 cumven-

45 817 273 886 ingress'us
320 816 578 868 Gallorum
628 815 895 865 Insubrium
938 814 1058 865 fines
1098 853 1114 877 ,
1171 834 1328 883 prope
1341 840 1401 867 cus
1478 845 1504 868 a

46 905 157 939 cum
190 901 298 937 toto
325 887 535 936 exercitu
568 883 636 934 est
670 886 1026 934 circumventus
1054 902 1066 932 z
1092 883 1233 951 supra
1251 885 1330 935 sex
1347 887 1502 934 Gallis.

48 955 196 1005 millia
226 955 280 1004 ὃ(
306 953 559 1005 sexcentos
596 953 773 1002 milites
798 950 989 1001 amifitz
1021 967 1154 1002 tanta
1183 970 1244 1003 ex
1267 971 1330 1004 eo

31 1023 180 1073 bello
196 1061 210 1084 ‚
235 1023 369 1090 quod
391 1021 489 1087 jam
505 1021 664 1071 timeri
684 1019 887 1070 desierat
907 1058 921 1080 ‚
940 1019 1103 1071 clades
1128 1037 1332 1088 accepta

49 1089 133 1146 est.
161 1090 230 1140 Ea
257 1108 334 1140 res
368 1090 423 1141 L.
452 1089 710 1140 Lentulum
735 1089 980 1138 consulem
1008 1090 1070 1138 ab
1102 1090 1222 1140 urbe
1243 1108 1335 1141 ex-

33 1154 198 1209 ¹civit:
234 1162 315 1227 qui
356 1175 409 1209 ut
439 1161 486 1207 in
523 1159 826 1225 provinciam
853 1159 989 1208 venit
1025 1158 1224 1225 plenam
1261 1175 1338 1208 tu-

45 1227 223 1278 multus
258 1265 273 1289 ,
318 1227 511 1294 trepido
544 1227 756 1276 exercitu
788 1240 994 1292 accepto
1015 1264 1030 1287 ‚
1070 1242 1333 1292 praetorem

51 1298 211 1346 multis
238 1297 425 1362 probris
459 1296 748 1360 increpitum
774 1296 1026 1360 provincia
1051 1295 1296 1346 decedere
1315 1334 1332 1357 ,

52 1379 198 1431 atque
231 1365 360 1414 abire
398 1362 610 1413 Romam
641 1360 783 1427 juffit.
821 1361 1000 1430 Neque
1027 1363 1124 1430 ipse
1162 1363 1330 1415 consul

49 1433 371 1482 memorabile
405 1433 664 1498 quicquam
687 1428 824 1499 geffit
841 1468 858 1490 ‚
881 1433 1192 1481 comitiorum
1210 1451 1332 1481 cau-0

45 1498 94 1548 sa
126 1499 337 1549 Romam
370 1514 662 1559 revocatuS,
698 1517 803 1566 quae
836 1498 935 1565 ipsa
973 1517 1060 1566 per
1099 1500 1175 1550 M.
1207 1500 1330 1550 Ful-

48 1569 182 1618 vium
203 1606 217 1630 ‚
248 1569 299 1626 &
328 1567 550 1618 Manium
574 1566 777 1617 Curium
806 1568 1028 1617 tribunos
1055 1569 1212 1635 plebis
1242 1572 1331 1619 im-

45 1637 363 1702 pediebantur
397 1654 409 1685 :
448 1637 580 1703 quod
624 1634 687 1684 T.
720 1635 980 1702 Quintium
1007 1635 1381 1706 Flamininums
1403 1668 1486 1710 Om'
1513 1690 1514 1695 ¹

47 1702 81 1753 6
112 1705 408 1756 consulatum
432 1722 491 1754 ex
514 1703 742 1771 quaestura
760 1721 928 1771 petere
947 1723 1048 1755 non
1069 1707 1329 1774 patieban-
1341 1699 1440 1770 tiit?
1483 1689 1534 1775 2²2⁶.

47 1788 141 1822 tur.
194 1790 226 1838 7
268 1777 375 1826 Jam
413 1775 675 1824 aedilitatem
714 1789 1044 1841 praeturamque
1074 1773 1276 1842 fastidiri
1314 1770 1524 1845 :quast-ff

49 1860 130 1892 nec
148 1878 163 1899 ,
190 1861 271 1908 per
288 1845 502 1892 honorum
532 1844 704 1908 gradus
724 1844 1034 1892 documentum
1042 1844 1121 1909 sui
1137 1846 1297 1894 dames
1311 1883 1326 1904 ,
1342 1854 1497 1911 confiat.v

47 1910 218 1959 nobiles
240 1912 438 1959 homines
465 1913 640 1960 tendere
658 1912 723 1958 ad
738 1912 1020 1975 consulatum
1039 1949 1055 1970 ‚
1068 1909 1156 1975 fid
1176 1913 1329 1979 transl-

46 1980 273 2028 cendendo
316 1980 465 2027 media
481 2017 498 2038 ,
533 1978 715 2044 flamma
753 1981 858 2029 imis
902 1981 1184 2031 continuare.
1227 1980 1330 2031 Res

113 2121 130 2162 5
170 2109 293 2150 Mille
324 2112 488 2150 ducenta
517 2112 654 2167 pondo

44 2172 212 2228 argenti.
232 2175 245 2225 7,
265 2173 426 2212 Marcas
443 2201 453 2218 ‚
479 2173 545 2214 seu
565 2173 657 2214 seli-

37 2234 135 2274 ·bras
149 2233 342 2274 nostrates
360 2235 495 2288 pondo
521 2234 654 2289 1875.

47 2294 231 2351 Triginta
266 2297 400 2351 pondo
437 2300 522 2337 auri
566 2298 653 2339 sunt

44 2358 237 2411 ponderis
286 2357 468 2399 nostratis
500 2358 655 2401 selibrae

45 2420 105 2468 46
123 2446 134 2466 ,
157 2434 246 2459 cum
263 2419 415 2473 septem
442 2420 583 2460 unciis.

106 2479 132 2520 6
154 2478 402 2535 Consulatum
425 2496 478 2521 ex
497 2482 655 2536 quaestu·

46 2555 91 2581 ra
109 2548 285 2598 μανι]
309 2543 568 2584 Consulatum
586 2559 653 2598 pe-

45 2613 137 2642 tere
171 2634 181 2653 ,
220 2618 340 2656 quum
375 2607 657 2647 tantummodo

48 2663 216 2720 quaestor
228 2664 356 2707 fuiffet
369 2693 382 2715 ‚
397 2680 473 2709 nec
487 2668 657 2712 aedilita-

717 2121 898 2160 tem‚nec
914 2122 1128 2166 praeturam
1144 2112 1332 2171 gestisset.

779 2188 805 2225 7
830 2173 919 2216 Jam
939 2174 1167 2216 aedilitatem
1188 2190 1336 2231 praetu-

715 2250 872 2292 ramque
887 2235 1081 2293 fastidiri.
1102 2240 1118 2291 ]
1143 2237 1236 2278 Hoc
1261 2238 1335 2277 ali-

718 2313 794 2352 qua
814 2312 865 2340 ex
891 2309 1004 2353 parte
1026 2300 1195 2341 cadebat
1216 2300 1253 2339 in
1274 2300 1334 2353 ip·

718 2361 800 2402 sum
839 2361 1044 2402 consulem
1076 2361 1294 2403 Lentulum
1314 2389 1333 2407 ‚

719 2423 786 2477 qui
807 2437 858 2464 ex
880 2423 1073 2464 aedilitate
1094 2452 1108 2472 ‚
1134 2437 1248 2477 quam
1265 2423 1333 2462 ab·

718 2483 806 2524 sens
843 2484 1012 2539 gesserat
1041 2513 1054 2533 ,
1103 2484 1257 2539 (supra
1300 2485 1334 2526 Ι.

717 2545 865 2586 XXIX
896 2576 909 2592 ,
947 2560 984 2587 c.
1026 2558 1072 2586 11
1100 2544 1146 2599 ,)
1188 2544 1337 2588 omissi

719 2604 892 2661 praeturzi
912 2609 960 2648 ad
986 2607 1238 2651 consulatum
1259 2607 1336 2650 ad·

721 2669 949 2716 scenderat.

931 2725 1063 2795 va
