1680 3052
298 128 669 188 'LIBER
750 119 1069 181 XXXV.
1138 108 1140 111 ’
1219 132 1333 197 317

53 203 183 261 niam
210 209 450 274 trajiceret
478 225 489 256 ε
523 204 575 256 &
606 218 658 255 ut
680 203 756 253 Μ.
789 203 984 253 Fulvius
1011 212 1187 267 praetor
1212 201 1374 256 clas-U
1397 215 1532 268 <5503

55 277 153 328 sem
188 280 384 327 navium
422 277 617 342 triginta
647 274 862 322 mitteret
892 270 953 318 ad
992 269 1223 317 tuendam
1257 267 1530 323 Sia-'Lama‘

56 346 172 394 ciliae
206 364 341 395 oram
372 362 382 392 ε
425 345 478 392 &
514 360 621 391 cum
661 340 867 406 imperio
904 335 1019 386 esset
1044 374 1058 396 ‚
1094 338 1176 402 qui
1212 335 1332 382 clas-

54 411 153 462 sem
184 430 291 462 eam
331 412 531 461 duceret
563 428 575 458 :
625 408 800 475 (duxit
834 406 888 454 L.
918 404 1112 470 Oppius
1147 402 1333 451 Salina-

53 479 158 538 tur,
193 483 274 547 qui
300 478 460 546 p'riore
491 496 619 526 anno
653 476 802 523 aedilis
838 474 994 540 plebis
1028 471 1217 520 fuerat:
1241 469 1333 535 )&

52 562 103 597 ut
133 548 478 614 idem'praetor
506 545 561 594 L.
588 544 789 592 Valerio
825 542 1028 608 collegae
1069 538 1294 587 scriberet
1314 566 1330 597 9>

40 616 312 664 ‘Periculum
352 614 431 677 effe
450 651 465 673 ‚
495 632 548 661 ne
578 613 724 675 claffis
757 611 872 676 regis
898 608 1121 658 Antiochi
1157 625 1214 654 ex
1236 609 1332 654 AE·

50 683 164 733 'tolia
194 686 241 732 in
264 684 475 732 Siciliam
508 679 734 744 trajiceret
763 697 776 726 .·
800 681 952 741 itaque
979 677 1162 741 placere
1183 673 1331 738 fima-

52 753 121 801 tui
139 788 156 809 ‚
191 754 255 799 ad
284 768 380 798 eum
418 751 661 797 exercitum
689 765 814 811 quem
861 746 1038 794 haberet
1059 774 1073 799 ,-
1097 757 1128 804 7
1161 742 1328 789 tumul-

52 821 299 868 tuariorum
347 818 540 865 militum
579 817 644 863 ad
670 815 903 863 duodecim
938 812 1089 859 millia
1116 811 1292 875 pedites
1312 844 1331 867 ,

54 887 98 935 G·
117 888 468 952 quadringentos
487 885 654 949 equites
662 882 853 948 scribere
875 898 969 928 eum
987 917 1012 938 ‚-
1026 880 1187 943 quibus
1205 895 1330 926 oram

50 956 320 1003 maritimam
343 953 592 1019 provincie&
617 989 631 1008 ,
666 950 756 1015 qua*
780 962 972 1015 vergeret
1000 950 1048 995 in
1072 947 1296 997 Graeciam
1312 982 1328 1004 ‚

44 1025 162 1072 tueri
192 1022 348 1089 poffim
385 1019 506 1068 Eum
540 1018 780 1068 dele&um
808 1031 985 1082 praetor
1019 1031 1120 1064 non
1153 1030 1214 1063 ex
1251 1011 1328 1062 Si-

46 1089 155 1139 cilia
190 1089 287 1155 ipsa
319 1090 504 1137 tantilm
525 1123 539 1146 ‚
576 1085 658 1136 sed
688 1087 835 1140 etiam
857 1102 916 1133 ex
947 1079 1328 1146 circumjacenti-

45 1156 135 1207 bus
185 1157 342 1207 insulis
373 1157 537 1205 habuit
577 1172 589 1203 ε
620 1153 899 1220 oppidaque
937 1152 1100 1201 omnia
1136 1151 1325 1198 mariti-

45 1243 157 1286 ma,
183 1245 287 1293 quae
314 1227 361 1272 in
380 1222 619 1285 Graeciam
643 1220 782 1272 versa
798 1233 932 1271 erant
952 1257 967 1280 ,
1000 1216 1222 1285 praefidiis
1241 1216 1322 1265 fir·

45 1296 214 1343 mavit.
251 1292 455 1341 Addidit
499 1291 726 1352 alimenta
769 1289 1042 1338 rumoribus
1085 1286 1322 1336 adventus

45 1360 201 1411 Attali
229 1361 456 1410 Eumenis
486 1358 641 1408 fratris
664 1396 678 1419 ‚
712 1359 792 1425 qui
826 1356 1070 1406 nunciavit
1090 1393 1104 1415 ‚
1141 1354 1319 1403 Antio·
1358 1362 1523 1404 Attalus

44 1430 191 1479 chum
211 1446 377 1496 regem
397 1426 770 1493 Hellespontum
803 1444 911 1476 cum
932 1425 1147 1475 exercitu
1166 1421 1456 1475 trans-frater

41 1495 124 1547 isse
162 1518 176 1547 e
207 1497 395 1547 AEtolos
434 1497 497 1544 ita
527 1495 573 1545 se
610 1513 811 1563 parare,
849 1509 899 1544 ut
939 1493 1019 1547 sub
1051 1485 1515 1540 adventum‘'3‘17722'1lis
1556 1527 1559 1529 >

44 1564 148 1631 ejus
182 1567 230 1613 in
266 1566 408 1614 armis
441 1562 606 1614 essent.
657 1563 715 1612 Et
763 1563 968 1611 Eumeni
1014 1560 1227 1620 absenti,
1270 1547 1481 1608 &Romae.

43 1633 261 1700 praesenti
289 1633 457 1682 Attalo
478 1634 639 1700 gratiae
671 1631 813 1681 aGtae:
843 1632 896 1680 &
921 1629 949 1679 8
983 1629 1110 1678 aedes
1131 1628 1323 1689 liberae,

43 1702 212 1761 locus,
249 1702 391 1751 lautia
429 1701 623 1750 decreta
646 1737 661 1760 ‚
708 1701 761 1749 ὅ(
798 1692 995 1748 munera
1033 1697 1142 1745 data
1165 1732 1181 1753 ,
1210 1698 1325 1761 equi

44 1769 182 1832 duo,
214 1770 327 1819 bina
367 1768 601 1836 equestria
644 1785 774 1817 arma
799 1806 816 1827 ,
856 1768 909 1817 &
950 1764 1061 1814 vasa
1097 1779 1325 1831 argentea

44 1853 78 1904 9
109 1852 303 1888 centum
323 1837 493 1905 pondo
514 1874 530 1899 ,
565 1837 618 1886 &
645 1853 786 1886 aurea
824 1853 844 1884 1
870 1835 1039 1900 viginti
1071 1832 1259 1898 pondo.

112 1905 305 1955 XXIV.
338 1905 511 1970 Quum
541 1905 620 1954 alii
658 1919 799 1971 atque
834 1904 912 1953 alii
946 1903 1106 1951 nuncii
1138 1901 1323 1949 bellum

41 1972 216 2023 instare
250 1972 472 2024 afferrent
492 2010 507 2035 ,
539 1973 600 2022 ad
638 1990 741 2023 rem
772 1973 1015 2040 pertinere
1039 1969 1192 2021 visum
1228 1966 1325 2030 est,

42 2113 147 2156 niam
165 2112 401 2166 trajiceret-J
418 2111 649 2169 Elegantius
713 2113 861 2165 δίκαι]
885 2112 982 2155 Vid.
1010 2119 1098 2151 not-
1128 2120 1147 2151 1
1170 2136 1182 2157 ,
1210 2107 1261 2148 ad
1280 2121 1320 2148 c.

40 2181 190 2222 abesset
211 2174 259 2221 τὶ
277 2194 332 2221 ut.
356 2179 510 2221 Contra
524 2210 536 2226 ,
554 2196 649 2234 pau·
714 2187 769 2216 20
790 2203 800 2221 ‚
822 2174 951 2226 supra.

41 2242 82 2284 Ῑὸ
101 2240 265 2283 inferius
281 2270 291 2289 ‚
311 2243 498 2288 libenter,
516 2242 648 2281 addita}⁴
777 2236 798 2277 8
819 2235 947 2276 AEdes
976 2234 1104 2275 liberae
1119 2262 1129 2281 ,
1155 2232 1276 2272 locus.
1298 2232 1316 2285 J

39 2302 236 2360 particula
255 2316 295 2343 ut
309 2333 318 2351 ‚
339 2304 563 2358 legeremus
579 2332 590 2348 ‚
608 2303 645 2343 ὃ·
709 2299 808 2340 Vid.
830 2308 919 2338 not.
947 2309 966 2350 3
995 2324 1005 2344 ,
1034 2297 1127 2336 adl.
1160 2293 1286 2335 XXX
1305 2320 1318 2340 ,

35 2380 79 2407 uc
95 2381 177 2406 cum
189 2366 349 2420 imperio
364 2363 468 2418 effet.
488 2365 645 2405 Etenim
712 2375 747 2400 ca
774 2373 845 2411 17.
1299 2371 1303 2375 ·

36 2442 184 2469 novum
209 2428 261 2467 est
280 2428 358 2466 hoc
388 2427 647 2467 senatuscon-
772 2434 796 2473 9
820 2417 1178 2473 Cent1m290ndo.]
1203 2415 1318 2455 Mar-

36 2490 285 2541 sulticaput,
303 2488 643 2528 necadeumdem
709 2493 844 2523 carum
900 2481 1129 2521 nostratium
1184 2476 1266 2529 156
1303 2503 1316 2524 ¹

35 2551 238 2591 hominem
260 2550 480 2601 pertinens.
708 2560 796 2585 curn
818 2544 941 2583 unciis
971 2555 1010 2582 2.

97 2625 122 2663 7
151 2610 501 2650 Tumulus-ariorum
532 2610 642 2651 mili·
774 2619 787 2646 1
818 2604 972 2659 Viginti
997 2601 1178 2655 pondm]
1202 2599 1316 2641 Mar·

35 2685 113 2714 eum
130 2673 183 2711 ad
202 2671 400 2712 duodecim
417 2671 547 2713 millia
565 2685 640 2728 pe·
707 2681 841 2709 carum
865 2675 954 2720 31·‚
979 2679 1065 2703 cum
1092 2662 1217 2704 unciis
1239 2675 1284 2705 2.

919 2721 970 2774 O
996 2721 1043 2788 iij
