<?xml version="1.0" encoding="UTF-8"?>
<!DOCTYPE html PUBLIC "-//W3C//DTD XHTML 1.0 Transitional//EN"
    "http://www.w3.org/TR/xhtml1/DTD/xhtml1-transitional.dtd">
<html xmlns="http://www.w3.org/1999/xhtml" xml:lang="en" lang="en">
 <head>
  <title>
</title>
<meta http-equiv="Content-Type" content="text/html;charset=utf-8" />
  <meta name='ocr-system' content='tesseract 3.04.00' />
  <meta name='ocr-capabilities' content='ocr_page ocr_carea ocr_par ocr_line ocrx_word'/>
</head>
<body>
  <div class='ocr_page' id='page_1' title='image "./tliviipatavinihi0301livy_0116.png"; bbox 0 0 1680 3052; ppageno 0'>
   <div class='ocr_carea' id='block_1_1' title="bbox 321 99 1326 176">
    <p class='ocr_par' dir='ltr' id='par_1_1' title="bbox 321 99 1326 176">
     <span class='ocr_line' id='line_1_1' title="bbox 321 99 1326 176; baseline 0.005 -6"><span class='ocrx_word' id='word_1_1' title='bbox 321 120 441 170; x_wconf 61' lang='lat'><strong>⁴112</strong></span> <span class='ocrx_word' id='word_1_2' title='bbox 608 99 1326 176; x_wconf 56' lang='lat' dir='ltr'>T1T&#39;1L1v11</span> 
     </span>
    </p>
   </div>
   <div class='ocr_carea' id='block_1_2' title="bbox 113 190 1680 333">
    <p class='ocr_par' dir='ltr' id='par_1_2' title="bbox 113 190 1680 333">
     <span class='ocr_line' id='line_1_2' title="bbox 113 190 1614 268; baseline 0.004 -25"><span class='ocrx_word' id='word_1_3' title='bbox 113 192 546 258; x_wconf 77' lang='lat' dir='ltr'><strong>U.c.554,Romana</strong></span> <span class='ocrx_word' id='word_1_4' title='bbox 574 213 662 263; x_wconf 87' lang='lat' dir='ltr'><strong>per</strong></span> <span class='ocrx_word' id='word_1_5' title='bbox 694 212 915 264; x_wconf 84' lang='lat' dir='ltr'><strong>apertum</strong></span> <span class='ocrx_word' id='word_1_6' title='bbox 949 200 1132 249; x_wconf 85' lang='lat' dir='ltr'><strong>recenti</strong></span> <span class='ocrx_word' id='word_1_7' title='bbox 1160 198 1314 268; x_wconf 83' lang='lat' dir='ltr'><strong>strage</strong></span> <span class='ocrx_word' id='word_1_8' title='bbox 1350 199 1441 249; x_wconf 88' lang='lat' dir='ltr'><strong>iter</strong></span> <span class='ocrx_word' id='word_1_9' title='bbox 1464 190 1614 250; x_wconf 66' lang='lat' dir='ltr'><strong>iuva-&#39;⁴</strong></span> 
     </span>
     <span class='ocr_line' id='line_1_3' title="bbox 113 260 1680 333; baseline 0.003 -20"><span class='ocrx_word' id='word_1_10' title='bbox 113 260 407 323; x_wconf 57' lang='lat' dir='ltr'><strong>a·C·¹9‘2‘3·s1t;</strong></span> <span class='ocrx_word' id='word_1_11' title='bbox 442 263 493 314; x_wconf 90' lang='lat'>&amp;</span> <span class='ocrx_word' id='word_1_12' title='bbox 522 281 582 314; x_wconf 86' lang='lat' dir='ltr'><strong>ex</strong></span> <span class='ocrx_word' id='word_1_13' title='bbox 607 269 834 316; x_wconf 84' lang='lat' dir='ltr'><strong>omnibus</strong></span> <span class='ocrx_word' id='word_1_14' title='bbox 860 269 1033 333; x_wconf 86' lang='lat' dir='ltr'><strong>oppidi</strong></span> <span class='ocrx_word' id='word_1_15' title='bbox 1055 269 1298 333; x_wconf 80' lang='lat' dir='ltr'><strong>partibus,</strong></span> <span class='ocrx_word' id='word_1_16' title='bbox 1324 266 1494 318; x_wconf 69' lang='lat' dir='ltr'><strong>reliffis</strong></span> <span class='ocrx_word' id='word_1_17' title='bbox 1517 267 1612 317; x_wconf 72' lang='lat' dir='ltr'><strong>suis</strong></span> <span class='ocrx_word' id='word_1_18' title='bbox 1677 287 1680 295; x_wconf 92' lang='grc'><strong><em>·</em></strong></span> 
     </span>
    </p>
   </div>
   <div class='ocr_carea' id='block_1_3' title="bbox 149 408 282 466">
    <p class='ocr_par' dir='ltr' id='par_1_3' title="bbox 149 408 282 466">
     <span class='ocr_line' id='line_1_4' title="bbox 149 408 282 466; baseline 0.015 -15"><span class='ocrx_word' id='word_1_19' title='bbox 149 408 282 466; x_wconf 76' lang='lat' dir='ltr'><strong>capit.</strong></span> 
     </span>
    </p>
   </div>
   <div class='ocr_carea' id='block_1_4' title="bbox 320 331 1680 1569">
    <p class='ocr_par' dir='ltr' id='par_1_4' title="bbox 320 331 1680 1361">
     <span class='ocr_line' id='line_1_5' title="bbox 321 331 1613 403; baseline 0.003 -22"><span class='ocrx_word' id='word_1_20' title='bbox 321 331 518 400; x_wconf 85' lang='lat' dir='ltr'><strong>quisque</strong></span> <span class='ocrx_word' id='word_1_21' title='bbox 557 332 838 383; x_wconf 85' lang='lat' dir='ltr'><strong>stationibus</strong></span> <span class='ocrx_word' id='word_1_22' title='bbox 862 372 877 395; x_wconf 86' lang='lat'>‚</span> <span class='ocrx_word' id='word_1_23' title='bbox 926 353 974 383; x_wconf 88' lang='lat' dir='ltr'><strong>m</strong></span> <span class='ocrx_word' id='word_1_24' title='bbox 1024 353 1139 385; x_wconf 88' lang='lat' dir='ltr'><strong>eum</strong></span> <span class='ocrx_word' id='word_1_25' title='bbox 1175 337 1257 403; x_wconf 86' lang='lat' dir='ltr'><strong>qui</strong></span> <span class='ocrx_word' id='word_1_26' title='bbox 1301 337 1613 401; x_wconf 78' lang='lat' dir='ltr'>premebatur</span> 
     </span>
     <span class='ocr_line' id='line_1_6' title="bbox 322 401 1614 467; baseline 0.005 -19"><span class='ocrx_word' id='word_1_27' title='bbox 322 402 510 467; x_wconf 86' lang='lat' dir='ltr'><strong>impetu</strong></span> <span class='ocrx_word' id='word_1_28' title='bbox 549 401 756 450; x_wconf 88' lang='lat' dir='ltr'><strong>hostium</strong></span> <span class='ocrx_word' id='word_1_29' title='bbox 806 404 972 452; x_wconf 87' lang='lat' dir='ltr'><strong>locum</strong></span> <span class='ocrx_word' id='word_1_30' title='bbox 1009 420 1375 453; x_wconf 86' lang='lat' dir='ltr'><strong>concurrerunt.</strong></span> <span class='ocrx_word' id='word_1_31' title='bbox 1417 403 1614 454; x_wconf 85' lang='lat' dir='ltr'><strong>Eodem</strong></span> 
     </span>
     <span class='ocr_line' id='line_1_7' title="bbox 322 469 1614 538; baseline 0.003 -21"><span class='ocrx_word' id='word_1_32' title='bbox 322 483 549 536; x_wconf 84' lang='lat' dir='ltr'><strong>tempore</strong></span> <span class='ocrx_word' id='word_1_33' title='bbox 589 469 838 531; x_wconf 81' lang='lat' dir='ltr'><strong>Romani,</strong></span> <span class='ocrx_word' id='word_1_34' title='bbox 876 471 929 519; x_wconf 87' lang='lat'>&amp;</span> <span class='ocrx_word' id='word_1_35' title='bbox 965 474 1120 520; x_wconf 84' lang='lat' dir='ltr'><strong>ruinas</strong></span> <span class='ocrx_word' id='word_1_36' title='bbox 1155 474 1279 522; x_wconf 88' lang='lat' dir='ltr'><strong>muri</strong></span> <span class='ocrx_word' id='word_1_37' title='bbox 1312 471 1614 538; x_wconf 79' lang='lat' dir='ltr'><strong>supervade-</strong></span> 
     </span>
     <span class='ocr_line' id='line_1_8' title="bbox 320 537 1677 598; baseline 0.002 -11"><span class='ocrx_word' id='word_1_38' title='bbox 320 537 471 598; x_wconf 80' lang='lat' dir='ltr'><strong>bant,</strong></span> <span class='ocrx_word' id='word_1_39' title='bbox 510 538 563 587; x_wconf 69' lang='grc' dir='ltr'><strong>ὃ(</strong></span> <span class='ocrx_word' id='word_1_40' title='bbox 591 537 737 595; x_wconf 78' lang='lat' dir='ltr'><strong>scalas</strong></span> <span class='ocrx_word' id='word_1_41' title='bbox 763 539 822 587; x_wconf 82' lang='lat' dir='ltr'><strong>ad</strong></span> <span class='ocrx_word' id='word_1_42' title='bbox 854 537 1019 589; x_wconf 86' lang='lat' dir='ltr'><strong>stantia</strong></span> <span class='ocrx_word' id='word_1_43' title='bbox 1038 542 1220 590; x_wconf 86' lang='lat' dir='ltr'><strong>moenia</strong></span> <span class='ocrx_word' id='word_1_44' title='bbox 1239 539 1614 590; x_wconf 69' lang='lat' dir='ltr'><strong>inferebantz&amp;</strong></span> <span class='ocrx_word' id='word_1_45' title='bbox 1674 542 1677 552; x_wconf 63' lang='lat'>⁵</span> 
     </span>
     <span class='ocr_line' id='line_1_9' title="bbox 321 606 1616 676; baseline 0.004 -23"><span class='ocrx_word' id='word_1_46' title='bbox 321 606 441 654; x_wconf 87' lang='lat' dir='ltr'><strong>dum</strong></span> <span class='ocrx_word' id='word_1_47' title='bbox 483 606 531 653; x_wconf 84' lang='lat' dir='ltr'><strong>in</strong></span> <span class='ocrx_word' id='word_1_48' title='bbox 572 623 718 654; x_wconf 81' lang='lat' dir='ltr'><strong>unam</strong></span> <span class='ocrx_word' id='word_1_49' title='bbox 756 622 944 674; x_wconf 84' lang='lat' dir='ltr'><strong>partem</strong></span> <span class='ocrx_word' id='word_1_50' title='bbox 985 609 1156 657; x_wconf 86' lang='lat' dir='ltr'><strong>oculos</strong></span> <span class='ocrx_word' id='word_1_51' title='bbox 1193 607 1477 676; x_wconf 82' lang='lat' dir='ltr'><strong>animosque</strong></span> <span class='ocrx_word' id='word_1_52' title='bbox 1518 608 1616 658; x_wconf 88' lang='lat' dir='ltr'><strong>ho-</strong></span> 
     </span>
     <span class='ocr_line' id='line_1_10' title="bbox 322 671 1614 743; baseline 0.002 -20"><span class='ocrx_word' id='word_1_53' title='bbox 322 671 461 723; x_wconf 87' lang='lat' dir='ltr'><strong>stium</strong></span> <span class='ocrx_word' id='word_1_54' title='bbox 499 690 749 724; x_wconf 81' lang='lat' dir='ltr'><strong>certamen</strong></span> <span class='ocrx_word' id='word_1_55' title='bbox 789 691 1030 726; x_wconf 84' lang='lat' dir='ltr'><strong>averterat</strong></span> <span class='ocrx_word' id='word_1_56' title='bbox 1049 711 1064 738; x_wconf 88' lang='lat'>‚</span> <span class='ocrx_word' id='word_1_57' title='bbox 1088 677 1301 743; x_wconf 87' lang='lat' dir='ltr'><strong>pluribus</strong></span> <span class='ocrx_word' id='word_1_58' title='bbox 1326 679 1444 728; x_wconf 84' lang='lat' dir='ltr'><strong>locis</strong></span> <span class='ocrx_word' id='word_1_59' title='bbox 1477 675 1614 726; x_wconf 84' lang='lat' dir='ltr'><strong>scalis</strong></span> 
     </span>
     <span class='ocr_line' id='line_1_11' title="bbox 324 743 1616 812; baseline 0.003 -22"><span class='ocrx_word' id='word_1_60' title='bbox 324 743 513 808; x_wconf 87' lang='lat' dir='ltr'><strong>capitur</strong></span> <span class='ocrx_word' id='word_1_61' title='bbox 556 759 752 805; x_wconf 85' lang='lat' dir='ltr'><strong>murus,</strong></span> <span class='ocrx_word' id='word_1_62' title='bbox 789 746 1050 812; x_wconf 81' lang='lat' dir='ltr'><strong>armatique</strong></span> <span class='ocrx_word' id='word_1_63' title='bbox 1081 748 1129 794; x_wconf 82' lang='lat' dir='ltr'><strong>in</strong></span> <span class='ocrx_word' id='word_1_64' title='bbox 1159 746 1329 795; x_wconf 87' lang='lat' dir='ltr'><strong>urbem</strong></span> <span class='ocrx_word' id='word_1_65' title='bbox 1364 744 1616 795; x_wconf 81' lang='lat' dir='ltr'><strong>transcen·</strong></span> 
     </span>
     <span class='ocr_line' id='line_1_12' title="bbox 331 810 1613 878; baseline 0.004 -20"><span class='ocrx_word' id='word_1_66' title='bbox 331 810 511 860; x_wconf 85' lang='lat' dir='ltr'><strong>derunt</strong></span> <span class='ocrx_word' id='word_1_67' title='bbox 549 828 561 860; x_wconf 76' lang='lat' dir='ltr'><strong>t</strong></span> <span class='ocrx_word' id='word_1_68' title='bbox 595 828 694 878; x_wconf 89' lang='lat' dir='ltr'><strong>quo</strong></span> <span class='ocrx_word' id='word_1_69' title='bbox 734 813 943 862; x_wconf 88' lang='lat' dir='ltr'><strong>tumultu</strong></span> <span class='ocrx_word' id='word_1_70' title='bbox 981 813 1186 873; x_wconf 81' lang='lat' dir='ltr'><strong>audito,</strong></span> <span class='ocrx_word' id='word_1_71' title='bbox 1229 816 1380 864; x_wconf 87' lang='lat' dir='ltr'><strong>territi</strong></span> <span class='ocrx_word' id='word_1_72' title='bbox 1419 812 1613 876; x_wconf 84' lang='lat' dir='ltr'><strong>hostes,</strong></span> 
     </span>
     <span class='ocr_line' id='line_1_13' title="bbox 328 878 1616 947; baseline 0.002 -18"><span class='ocrx_word' id='word_1_73' title='bbox 328 878 529 940; x_wconf 62' lang='lat' dir='ltr'><strong>reficio,</strong></span> <span class='ocrx_word' id='word_1_74' title='bbox 560 897 708 947; x_wconf 87' lang='lat' dir='ltr'><strong>quem</strong></span> <span class='ocrx_word' id='word_1_75' title='bbox 736 881 943 931; x_wconf 88' lang='lat' dir='ltr'><strong>conferti</strong></span> <span class='ocrx_word' id='word_1_76' title='bbox 974 883 1263 944; x_wconf 84' lang='lat' dir='ltr'><strong>tuebantur,</strong></span> <span class='ocrx_word' id='word_1_77' title='bbox 1299 884 1444 944; x_wconf 80' lang='lat' dir='ltr'><strong>loco,</strong></span> <span class='ocrx_word' id='word_1_78' title='bbox 1468 884 1517 931; x_wconf 88' lang='lat' dir='ltr'><strong>in</strong></span> <span class='ocrx_word' id='word_1_79' title='bbox 1539 901 1616 932; x_wconf 88' lang='lat' dir='ltr'><strong>ar-</strong></span> 
     </span>
     <span class='ocr_line' id='line_1_14' title="bbox 325 950 1680 1018; baseline 0.004 -21"><span class='ocrx_word' id='word_1_80' title='bbox 325 964 437 997; x_wconf 89' lang='lat' dir='ltr'><strong>cem</strong></span> <span class='ocrx_word' id='word_1_81' title='bbox 469 966 642 998; x_wconf 88' lang='lat' dir='ltr'><strong>omnes</strong></span> <span class='ocrx_word' id='word_1_82' title='bbox 693 966 826 999; x_wconf 86' lang='lat' dir='ltr'><strong>metu</strong></span> <span class='ocrx_word' id='word_1_83' title='bbox 847 988 862 1009; x_wconf 94' lang='lat'>,</span> <span class='ocrx_word' id='word_1_84' title='bbox 898 952 1070 1000; x_wconf 86' lang='lat' dir='ltr'><strong>inermi</strong></span> <span class='ocrx_word' id='word_1_85' title='bbox 1103 965 1298 1017; x_wconf 83' lang='lat' dir='ltr'><strong>quoque</strong></span> <span class='ocrx_word' id='word_1_86' title='bbox 1331 950 1616 1018; x_wconf 76' lang='lat' dir='ltr'><strong>insequente</strong></span> <span class='ocrx_word' id='word_1_87' title='bbox 1679 974 1680 995; x_wconf 73' lang='lat'><em>÷</em></span> 
     </span>
     <span class='ocr_line' id='line_1_15' title="bbox 325 1015 1614 1086; baseline 0.002 -20"><span class='ocrx_word' id='word_1_88' title='bbox 325 1015 469 1066; x_wconf 60' lang='lat' dir='ltr'><strong>turb&amp;</strong></span> <span class='ocrx_word' id='word_1_89' title='bbox 494 1054 509 1076; x_wconf 95' lang='lat'>,</span> <span class='ocrx_word' id='word_1_90' title='bbox 557 1015 895 1085; x_wconf 83' lang='lat' dir='ltr'><strong>confugerunt.</strong></span> <span class='ocrx_word' id='word_1_91' title='bbox 929 1018 1000 1068; x_wconf 83' lang='lat' dir='ltr'><strong>Ita</strong></span> <span class='ocrx_word' id='word_1_92' title='bbox 1039 1020 1158 1069; x_wconf 83' lang='lat' dir='ltr'><strong>urbe</strong></span> <span class='ocrx_word' id='word_1_93' title='bbox 1198 1021 1382 1086; x_wconf 86' lang='lat' dir='ltr'><strong>potitur</strong></span> <span class='ocrx_word' id='word_1_94' title='bbox 1430 1019 1614 1070; x_wconf 87' lang='lat' dir='ltr'><strong>consul.</strong></span> 
     </span>
     <span class='ocr_line' id='line_1_16' title="bbox 324 1085 1614 1155; baseline 0.002 -22"><span class='ocrx_word' id='word_1_95' title='bbox 324 1085 422 1150; x_wconf 57' lang='lat' dir='ltr'><strong>qu&amp;</strong></span> <span class='ocrx_word' id='word_1_96' title='bbox 453 1085 642 1152; x_wconf 55' lang='lat' dir='ltr'><strong>direpta</strong></span> <span class='ocrx_word' id='word_1_97' title='bbox 660 1124 675 1147; x_wconf 83' lang='lat'>‚</span> <span class='ocrx_word' id='word_1_98' title='bbox 706 1085 850 1136; x_wconf 82' lang='lat' dir='ltr'><strong>miffis</strong></span> <span class='ocrx_word' id='word_1_99' title='bbox 869 1089 917 1135; x_wconf 88' lang='lat' dir='ltr'><strong>in</strong></span> <span class='ocrx_word' id='word_1_100' title='bbox 939 1104 1098 1137; x_wconf 89' lang='lat' dir='ltr'><strong>arcem</strong></span> <span class='ocrx_word' id='word_1_101' title='bbox 1117 1125 1131 1148; x_wconf 85' lang='lat'>,</span> <span class='ocrx_word' id='word_1_102' title='bbox 1163 1090 1241 1153; x_wconf 88' lang='lat' dir='ltr'><strong>qui</strong></span> <span class='ocrx_word' id='word_1_103' title='bbox 1258 1091 1411 1137; x_wconf 84' lang='lat' dir='ltr'><strong>vitam</strong></span> <span class='ocrx_word' id='word_1_104' title='bbox 1436 1090 1577 1155; x_wconf 81' lang='lat' dir='ltr'><strong>regiis</strong></span> <span class='ocrx_word' id='word_1_105' title='bbox 1596 1123 1614 1149; x_wconf 86' lang='lat'><strong>‚</strong></span> 
     </span>
     <span class='ocr_line' id='line_1_17' title="bbox 327 1152 1619 1217; baseline 0.004 -16"><span class='ocrx_word' id='word_1_106' title='bbox 327 1153 364 1202; x_wconf 83' lang='lat' dir='ltr'><strong>fi</strong></span> <span class='ocrx_word' id='word_1_107' title='bbox 399 1152 530 1205; x_wconf 85' lang='lat' dir='ltr'><strong>abire</strong></span> <span class='ocrx_word' id='word_1_108' title='bbox 563 1155 752 1205; x_wconf 88' lang='lat' dir='ltr'><strong>vellent</strong></span> <span class='ocrx_word' id='word_1_109' title='bbox 784 1158 1023 1217; x_wconf 82' lang='lat' dir='ltr'><strong>inermes,</strong></span> <span class='ocrx_word' id='word_1_110' title='bbox 1058 1155 1330 1206; x_wconf 85' lang='lat' dir='ltr'><strong>libertatem</strong></span> <span class='ocrx_word' id='word_1_111' title='bbox 1364 1155 1619 1206; x_wconf 77' lang='lat' dir='ltr'><strong>Elatienfi-</strong></span> 
     </span>
     <span class='ocr_line' id='line_1_18' title="bbox 327 1221 1615 1293; baseline 0.002 -21"><span class='ocrx_word' id='word_1_112' title='bbox 327 1221 417 1272; x_wconf 85' lang='lat' dir='ltr'><strong>bus</strong></span> <span class='ocrx_word' id='word_1_113' title='bbox 448 1223 828 1290; x_wconf 84' lang='lat' dir='ltr'><strong>pollicerentur,</strong></span> <span class='ocrx_word' id='word_1_114' title='bbox 868 1222 1061 1292; x_wconf 86' lang='lat' dir='ltr'><strong>fideque</strong></span> <span class='ocrx_word' id='word_1_115' title='bbox 1103 1227 1153 1274; x_wconf 84' lang='lat' dir='ltr'><strong>in</strong></span> <span class='ocrx_word' id='word_1_116' title='bbox 1190 1225 1293 1274; x_wconf 86' lang='lat' dir='ltr'><strong>haec</strong></span> <span class='ocrx_word' id='word_1_117' title='bbox 1333 1225 1473 1287; x_wconf 57' lang='lat' dir='ltr'><strong>data,</strong></span> <span class='ocrx_word' id='word_1_118' title='bbox 1506 1223 1615 1293; x_wconf 83' lang='lat' dir='ltr'><strong>post</strong></span> 
     </span>
     <span class='ocr_line' id='line_1_19' title="bbox 329 1294 1085 1361; baseline 0.005 -22"><span class='ocrx_word' id='word_1_119' title='bbox 329 1308 515 1359; x_wconf 87' lang='lat' dir='ltr'><strong>paucos</strong></span> <span class='ocrx_word' id='word_1_120' title='bbox 555 1294 658 1342; x_wconf 86' lang='lat' dir='ltr'><strong>dies</strong></span> <span class='ocrx_word' id='word_1_121' title='bbox 687 1306 848 1343; x_wconf 84' lang='lat' dir='ltr'><strong>arcem</strong></span> <span class='ocrx_word' id='word_1_122' title='bbox 883 1295 1085 1361; x_wconf 87' lang='lat' dir='ltr'><strong>recepit.</strong></span> 
     </span>
    </p>

    <p class='ocr_par' dir='ltr' id='par_1_5' title="bbox 329 1359 1621 1569">
     <span class='ocr_line' id='line_1_20' title="bbox 397 1359 1616 1413; baseline 0.002 -4"><span class='ocrx_word' id='word_1_123' title='bbox 397 1359 568 1412; x_wconf 88' lang='lat' dir='ltr'>XXV.</span> <span class='ocrx_word' id='word_1_124' title='bbox 599 1360 836 1412; x_wconf 71' lang='lat' dir='ltr'><strong>Cetei-iim</strong></span> <span class='ocrx_word' id='word_1_125' title='bbox 858 1363 1070 1413; x_wconf 85' lang='lat' dir='ltr'><strong>adventu</strong></span> <span class='ocrx_word' id='word_1_126' title='bbox 1103 1363 1151 1410; x_wconf 87' lang='lat' dir='ltr'><strong>in</strong></span> <span class='ocrx_word' id='word_1_127' title='bbox 1176 1360 1412 1411; x_wconf 82' lang='lat' dir='ltr'>Achaiam</span> <span class='ocrx_word' id='word_1_128' title='bbox 1440 1360 1616 1411; x_wconf 87' lang='lat' dir='ltr'><strong>Philo-</strong></span> 
     </span>
     <span class='ocr_line' id='line_1_21' title="bbox 329 1427 1617 1498; baseline 0.002 -22"><span class='ocrx_word' id='word_1_129' title='bbox 329 1427 414 1478; x_wconf 87' lang='lat' dir='ltr'><strong>clis</strong></span> <span class='ocrx_word' id='word_1_130' title='bbox 446 1431 561 1498; x_wconf 86' lang='lat' dir='ltr'><strong>regii</strong></span> <span class='ocrx_word' id='word_1_131' title='bbox 606 1430 818 1495; x_wconf 71' lang='lat' dir='ltr'><strong>praefeffi</strong></span> <span class='ocrx_word' id='word_1_132' title='bbox 840 1469 857 1490; x_wconf 86' lang='lat'>,</span> <span class='ocrx_word' id='word_1_133' title='bbox 893 1449 992 1482; x_wconf 90' lang='lat' dir='ltr'><strong>non</strong></span> <span class='ocrx_word' id='word_1_134' title='bbox 1021 1430 1286 1481; x_wconf 80' lang='lat' dir='ltr'><strong>Corinthus</strong></span> <span class='ocrx_word' id='word_1_135' title='bbox 1323 1433 1511 1481; x_wconf 71' lang='lat' dir='ltr'><strong>tantum</strong></span> <span class='ocrx_word' id='word_1_136' title='bbox 1553 1431 1617 1479; x_wconf 83' lang='lat' dir='ltr'><strong>li-</strong></span> 
     </span>
     <span class='ocr_line' id='line_1_22' title="bbox 330 1497 1621 1569; baseline 0.001 -23"><span class='ocrx_word' id='word_1_137' title='bbox 330 1497 497 1548; x_wconf 86' lang='lat' dir='ltr'><strong>berata</strong></span> <span class='ocrx_word' id='word_1_138' title='bbox 531 1498 787 1549; x_wconf 75' lang='lat' dir='ltr'><strong>obsidione</strong></span> <span class='ocrx_word' id='word_1_139' title='bbox 803 1538 816 1560; x_wconf 86' lang='lat'>‚</span> <span class='ocrx_word' id='word_1_140' title='bbox 839 1497 923 1549; x_wconf 92' lang='lat' dir='ltr'><strong>sed</strong></span> <span class='ocrx_word' id='word_1_141' title='bbox 948 1500 1246 1569; x_wconf 82' lang='lat' dir='ltr'><strong>Argivorum</strong></span> <span class='ocrx_word' id='word_1_142' title='bbox 1277 1516 1472 1566; x_wconf 87' lang='lat' dir='ltr'><strong>quoque</strong></span> <span class='ocrx_word' id='word_1_143' title='bbox 1495 1500 1621 1548; x_wconf 84' lang='lat' dir='ltr'><strong>civi-</strong></span> 
     </span>
    </p>
   </div>
   <div class='ocr_carea' id='block_1_5' title="bbox 137 1565 1619 1636">
    <p class='ocr_par' dir='ltr' id='par_1_6' title="bbox 137 1565 1619 1636">
     <span class='ocr_line' id='line_1_23' title="bbox 137 1565 1619 1636; baseline 0 -20"><span class='ocrx_word' id='word_1_144' title='bbox 137 1576 317 1622; x_wconf 69' lang='lat' dir='ltr'><strong>Philocli</strong></span> <span class='ocrx_word' id='word_1_145' title='bbox 333 1580 405 1616; x_wconf 78' lang='lat' dir='ltr'><strong>tas</strong></span> <span class='ocrx_word' id='word_1_146' title='bbox 430 1583 517 1633; x_wconf 86' lang='lat' dir='ltr'><strong>per</strong></span> <span class='ocrx_word' id='word_1_147' title='bbox 550 1567 785 1636; x_wconf 81' lang='lat' dir='ltr'><strong>quosdam</strong></span> <span class='ocrx_word' id='word_1_148' title='bbox 818 1570 1061 1635; x_wconf 77' lang='lat' dir='ltr'><strong>principes</strong></span> <span class='ocrx_word' id='word_1_149' title='bbox 1087 1567 1290 1617; x_wconf 83' lang='lat' dir='ltr'><strong>Philocli</strong></span> <span class='ocrx_word' id='word_1_150' title='bbox 1309 1569 1498 1635; x_wconf 86' lang='lat' dir='ltr'><strong>prodita</strong></span> <span class='ocrx_word' id='word_1_151' title='bbox 1523 1565 1619 1631; x_wconf 78' lang='lat' dir='ltr'><strong>est,</strong></span> 
     </span>
    </p>
   </div>
   <div class='ocr_carea' id='block_1_6' title="bbox 122 1643 254 1699">
    <p class='ocr_par' dir='ltr' id='par_1_7' title="bbox 122 1643 254 1699">
     <span class='ocr_line' id='line_1_24' title="bbox 122 1643 254 1699; baseline 0 -16"><span class='ocrx_word' id='word_1_152' title='bbox 122 1643 254 1699; x_wconf 79' lang='lat' dir='ltr'><strong>Argos</strong></span> 
     </span>
    </p>
   </div>
   <div class='ocr_carea' id='block_1_7' title="bbox 330 1636 1620 1704">
    <p class='ocr_par' dir='ltr' id='par_1_8' title="bbox 330 1636 1620 1704">
     <span class='ocr_line' id='line_1_25' title="bbox 330 1636 1620 1704; baseline 0.001 -20"><span class='ocrx_word' id='word_1_153' title='bbox 330 1639 525 1686; x_wconf 85' lang='lat' dir='ltr'><strong>tentatis</strong></span> <span class='ocrx_word' id='word_1_154' title='bbox 564 1640 692 1704; x_wconf 68' lang='lat' dir='ltr'><strong>prius</strong></span> <span class='ocrx_word' id='word_1_155' title='bbox 727 1637 896 1687; x_wconf 84' lang='lat' dir='ltr'><strong>animis</strong></span> <span class='ocrx_word' id='word_1_156' title='bbox 935 1639 1111 1704; x_wconf 82' lang='lat' dir='ltr'><strong>plebis.</strong></span> <span class='ocrx_word' id='word_1_157' title='bbox 1155 1636 1268 1686; x_wconf 90' lang='lat' dir='ltr'><strong>Mos</strong></span> <span class='ocrx_word' id='word_1_158' title='bbox 1297 1651 1432 1697; x_wconf 81' lang='lat' dir='ltr'><strong>erat,</strong></span> <span class='ocrx_word' id='word_1_159' title='bbox 1464 1638 1620 1686; x_wconf 87' lang='lat' dir='ltr'><strong>com-i-</strong></span> 
     </span>
    </p>
   </div>
   <div class='ocr_carea' id='block_1_8' title="bbox 115 1705 1618 1772">
    <p class='ocr_par' dir='ltr' id='par_1_9' title="bbox 115 1705 1618 1772">
     <span class='ocr_line' id='line_1_26' title="bbox 115 1705 1618 1772; baseline 0.001 -18"><span class='ocrx_word' id='word_1_160' title='bbox 115 1705 313 1762; x_wconf 68' lang='lat' dir='ltr'><strong>proditur.</strong></span> <span class='ocrx_word' id='word_1_161' title='bbox 329 1706 511 1755; x_wconf 87' lang='lat' dir='ltr'><strong>tiorum</strong></span> <span class='ocrx_word' id='word_1_162' title='bbox 546 1705 625 1756; x_wconf 85' lang='lat' dir='ltr'><strong>die</strong></span> <span class='ocrx_word' id='word_1_163' title='bbox 652 1707 812 1772; x_wconf 88' lang='lat' dir='ltr'><strong>primo</strong></span> <span class='ocrx_word' id='word_1_164' title='bbox 833 1744 849 1764; x_wconf 91' lang='lat'>,</span> <span class='ocrx_word' id='word_1_165' title='bbox 883 1707 1019 1756; x_wconf 87' lang='lat' dir='ltr'><strong>velut</strong></span> <span class='ocrx_word' id='word_1_166' title='bbox 1059 1708 1233 1756; x_wconf 85' lang='lat' dir='ltr'><strong>ominis</strong></span> <span class='ocrx_word' id='word_1_167' title='bbox 1264 1706 1406 1755; x_wconf 56' lang='lat' dir='ltr'><strong>caus&amp;</strong></span> <span class='ocrx_word' id='word_1_168' title='bbox 1438 1721 1618 1772; x_wconf 88' lang='lat' dir='ltr'><strong>praeto·</strong></span> 
     </span>
    </p>
   </div>
   <div class='ocr_carea' id='block_1_9' title="bbox 325 1773 1619 2388">
    <p class='ocr_par' dir='ltr' id='par_1_10' title="bbox 325 1773 1619 2388">
     <span class='ocr_line' id='line_1_27' title="bbox 328 1773 1617 1841; baseline 0.001 -19"><span class='ocrx_word' id='word_1_169' title='bbox 328 1791 405 1823; x_wconf 87' lang='lat' dir='ltr'><strong>res</strong></span> <span class='ocrx_word' id='word_1_170' title='bbox 445 1776 764 1841; x_wconf 84' lang='lat' dir='ltr'><strong>pronunciare</strong></span> <span class='ocrx_word' id='word_1_171' title='bbox 814 1773 992 1825; x_wconf 85' lang='lat' dir='ltr'><strong>Jovem</strong></span> <span class='ocrx_word' id='word_1_172' title='bbox 1021 1813 1035 1834; x_wconf 89' lang='lat'>‚</span> <span class='ocrx_word' id='word_1_173' title='bbox 1090 1774 1477 1841; x_wconf 85' lang='lat' dir='ltr'><strong>Apollinemque</strong></span> <span class='ocrx_word' id='word_1_174' title='bbox 1508 1812 1522 1834; x_wconf 76' lang='grc'>,</span> <span class='ocrx_word' id='word_1_175' title='bbox 1563 1774 1617 1823; x_wconf 89' lang='lat'>&amp;</span> 
     </span>
     <span class='ocr_line' id='line_1_28' title="bbox 328 1842 1618 1912; baseline 0.001 -20"><span class='ocrx_word' id='word_1_176' title='bbox 328 1842 596 1893; x_wconf 89' lang='lat' dir='ltr'><strong>Herculem</strong></span> <span class='ocrx_word' id='word_1_177' title='bbox 627 1862 637 1892; x_wconf 90' lang='lat'>:</span> <span class='ocrx_word' id='word_1_178' title='bbox 671 1844 889 1893; x_wconf 84' lang='lat' dir='ltr'><strong>additum</strong></span> <span class='ocrx_word' id='word_1_179' title='bbox 916 1845 1011 1912; x_wconf 80' lang='lat' dir='ltr'><strong>legi</strong></span> <span class='ocrx_word' id='word_1_180' title='bbox 1038 1858 1138 1893; x_wconf 82' lang='lat' dir='ltr'><strong>erat</strong></span> <span class='ocrx_word' id='word_1_181' title='bbox 1159 1881 1174 1904; x_wconf 83' lang='lat'>‚</span> <span class='ocrx_word' id='word_1_182' title='bbox 1200 1857 1250 1891; x_wconf 91' lang='lat' dir='ltr'><strong>ut</strong></span> <span class='ocrx_word' id='word_1_183' title='bbox 1281 1845 1335 1892; x_wconf 87' lang='lat' dir='ltr'><strong>iis</strong></span> <span class='ocrx_word' id='word_1_184' title='bbox 1368 1842 1618 1909; x_wconf 81' lang='lat' dir='ltr'><strong>Philippus</strong></span> 
     </span>
     <span class='ocr_line' id='line_1_29' title="bbox 326 1910 1618 1978; baseline 0.001 -18"><span class='ocrx_word' id='word_1_185' title='bbox 326 1928 413 1961; x_wconf 81' lang='lat' dir='ltr'><strong>rex</strong></span> <span class='ocrx_word' id='word_1_186' title='bbox 437 1910 757 1977; x_wconf 78' lang='lat' dir='ltr'><strong>adjiceretur:</strong></span> <span class='ocrx_word' id='word_1_187' title='bbox 782 1913 914 1975; x_wconf 63' lang='lat' dir='ltr'><strong>cujus</strong></span> <span class='ocrx_word' id='word_1_188' title='bbox 941 1930 1126 1962; x_wconf 84' lang='lat' dir='ltr'><strong>nomen</strong></span> <span class='ocrx_word' id='word_1_189' title='bbox 1158 1910 1264 1978; x_wconf 88' lang='lat' dir='ltr'><strong>post</strong></span> <span class='ocrx_word' id='word_1_190' title='bbox 1293 1910 1479 1976; x_wconf 52' lang='lat' dir='ltr'><strong>pactam</strong></span> <span class='ocrx_word' id='word_1_191' title='bbox 1506 1928 1618 1961; x_wconf 82' lang='lat' dir='ltr'><strong>cum</strong></span> 
     </span>
     <span class='ocr_line' id='line_1_30' title="bbox 326 1977 1619 2049; baseline 0.002 -21"><span class='ocrx_word' id='word_1_192' title='bbox 326 1979 564 2030; x_wconf 79' lang='lat' dir='ltr'><strong>Romanis</strong></span> <span class='ocrx_word' id='word_1_193' title='bbox 603 1980 889 2030; x_wconf 82' lang='lat' dir='ltr'><strong>societatem</strong></span> <span class='ocrx_word' id='word_1_194' title='bbox 919 1983 1030 2049; x_wconf 79' lang='lat' dir='ltr'><strong>quia</strong></span> <span class='ocrx_word' id='word_1_195' title='bbox 1072 1998 1233 2048; x_wconf 86' lang='lat' dir='ltr'><strong>praeco</strong></span> <span class='ocrx_word' id='word_1_196' title='bbox 1266 1998 1365 2028; x_wconf 90' lang='lat' dir='ltr'><strong>non</strong></span> <span class='ocrx_word' id='word_1_197' title='bbox 1405 1977 1619 2043; x_wconf 81' lang='lat' dir='ltr'><strong>adjecit,</strong></span> 
     </span>
     <span class='ocr_line' id='line_1_31' title="bbox 326 2047 1618 2111; baseline 0.001 -14"><span class='ocrx_word' id='word_1_198' title='bbox 326 2047 546 2100; x_wconf 85' lang='lat' dir='ltr'><strong>fremitus</strong></span> <span class='ocrx_word' id='word_1_199' title='bbox 577 2049 738 2111; x_wconf 76' lang='lat' dir='ltr'><strong>primo</strong></span> <span class='ocrx_word' id='word_1_200' title='bbox 771 2050 1090 2100; x_wconf 81' lang='lat' dir='ltr'><strong>multitudinis</strong></span> <span class='ocrx_word' id='word_1_201' title='bbox 1124 2066 1258 2098; x_wconf 88' lang='lat' dir='ltr'><strong>ortus</strong></span> <span class='ocrx_word' id='word_1_202' title='bbox 1283 2049 1495 2098; x_wconf 85' lang='lat' dir='ltr'><strong>:deinde</strong></span> <span class='ocrx_word' id='word_1_203' title='bbox 1517 2049 1618 2098; x_wconf 80' lang='lat' dir='ltr'><strong>cla-</strong></span> 
     </span>
     <span class='ocr_line' id='line_1_32' title="bbox 325 2115 1617 2184; baseline -0.002 -16"><span class='ocrx_word' id='word_1_204' title='bbox 325 2135 438 2168; x_wconf 86' lang='lat' dir='ltr'><strong>mor</strong></span> <span class='ocrx_word' id='word_1_205' title='bbox 469 2116 825 2181; x_wconf 76' lang='lat' dir='ltr'><strong>subjicientium</strong></span> <span class='ocrx_word' id='word_1_206' title='bbox 849 2118 1056 2184; x_wconf 81' lang='lat' dir='ltr'><strong>Philippi</strong></span> <span class='ocrx_word' id='word_1_207' title='bbox 1076 2134 1258 2167; x_wconf 88' lang='lat' dir='ltr'><strong>nomen</strong></span> <span class='ocrx_word' id='word_1_208' title='bbox 1279 2156 1292 2176; x_wconf 93' lang='lat'><strong>‚</strong></span> <span class='ocrx_word' id='word_1_209' title='bbox 1316 2115 1617 2179; x_wconf 75' lang='lat' dir='ltr'><strong>jubentium-</strong></span> 
     </span>
     <span class='ocr_line' id='line_1_33' title="bbox 329 2185 1617 2253; baseline 0.001 -19"><span class='ocrx_word' id='word_1_210' title='bbox 329 2202 425 2252; x_wconf 76' lang='lat' dir='ltr'><strong>que</strong></span> <span class='ocrx_word' id='word_1_211' title='bbox 467 2202 493 2234; x_wconf 88' lang='lat'>2</span> <span class='ocrx_word' id='word_1_212' title='bbox 544 2187 816 2253; x_wconf 76' lang='lat' dir='ltr'><strong>legitimum</strong></span> <span class='ocrx_word' id='word_1_213' title='bbox 864 2188 1106 2236; x_wconf 86' lang='lat' dir='ltr'><strong>honorem</strong></span> <span class='ocrx_word' id='word_1_214' title='bbox 1151 2185 1421 2252; x_wconf 80' lang='lat' dir='ltr'><strong>usurpare:</strong></span> <span class='ocrx_word' id='word_1_215' title='bbox 1455 2186 1617 2235; x_wconf 82' lang='lat' dir='ltr'><strong>donec</strong></span> 
     </span>
     <span class='ocr_line' id='line_1_34' title="bbox 331 2252 1619 2320; baseline 0.002 -18"><span class='ocrx_word' id='word_1_216' title='bbox 331 2270 445 2303; x_wconf 89' lang='lat' dir='ltr'><strong>cum</strong></span> <span class='ocrx_word' id='word_1_217' title='bbox 477 2256 659 2320; x_wconf 83' lang='lat' dir='ltr'><strong>ingenti</strong></span> <span class='ocrx_word' id='word_1_218' title='bbox 686 2254 862 2304; x_wconf 73' lang='lat' dir='ltr'><strong>assensu</strong></span> <span class='ocrx_word' id='word_1_219' title='bbox 892 2273 1073 2304; x_wconf 82' lang='lat' dir='ltr'><strong>nomen</strong></span> <span class='ocrx_word' id='word_1_220' title='bbox 1109 2256 1364 2305; x_wconf 85' lang='lat' dir='ltr'><strong>recitatum</strong></span> <span class='ocrx_word' id='word_1_221' title='bbox 1390 2252 1470 2303; x_wconf 85' lang='lat' dir='ltr'><strong>est.</strong></span> <span class='ocrx_word' id='word_1_222' title='bbox 1505 2254 1619 2304; x_wconf 86' lang='lat' dir='ltr'><strong>Hu-</strong></span> 
     </span>
     <span class='ocr_line' id='line_1_35' title="bbox 329 2320 1618 2388; baseline 0.001 -16"><span class='ocrx_word' id='word_1_223' title='bbox 329 2320 407 2388; x_wconf 68' lang='lat' dir='ltr'><strong>jus</strong></span> <span class='ocrx_word' id='word_1_224' title='bbox 445 2320 622 2371; x_wconf 59' lang='lat' dir='ltr'><strong>fiduci&amp;</strong></span> <span class='ocrx_word' id='word_1_225' title='bbox 666 2321 844 2374; x_wconf 84' lang='lat' dir='ltr'><strong>favoris</strong></span> <span class='ocrx_word' id='word_1_226' title='bbox 883 2322 1124 2374; x_wconf 86' lang='lat' dir='ltr'><strong>Philocles</strong></span> <span class='ocrx_word' id='word_1_227' title='bbox 1162 2321 1438 2383; x_wconf 60' lang='lat' dir='ltr'><strong>exemtus,</strong></span> <span class='ocrx_word' id='word_1_228' title='bbox 1472 2322 1618 2373; x_wconf 62' lang='lat' dir='ltr'><strong>nofie</strong></span> 
     </span>
    </p>
   </div>
   <div class='ocr_carea' id='block_1_10' title="bbox 333 2423 1621 2737">
    <p class='ocr_par' dir='ltr' id='par_1_11' title="bbox 333 2423 1621 2737">
     <span class='ocr_line' id='line_1_36' title="bbox 398 2423 1618 2484; baseline -0.002 -16"><span class='ocrx_word' id='word_1_229' title='bbox 398 2441 425 2469; x_wconf 86' lang='lat'>2</span> <span class='ocrx_word' id='word_1_230' title='bbox 480 2428 711 2484; x_wconf 77' lang='lat' dir='ltr'><strong>Legitimum</strong></span> <span class='ocrx_word' id='word_1_231' title='bbox 762 2431 944 2469; x_wconf 82' lang='lat' dir='ltr'><strong>bonorem</strong></span> <span class='ocrx_word' id='word_1_232' title='bbox 1008 2427 1140 2467; x_wconf 83' lang='lat' dir='ltr'><strong>timum</strong></span> <span class='ocrx_word' id='word_1_233' title='bbox 1183 2441 1292 2467; x_wconf 83' lang='lat' dir='ltr'><strong>omen</strong></span> <span class='ocrx_word' id='word_1_234' title='bbox 1328 2423 1539 2481; x_wconf 78' lang='lat' dir='ltr'><strong>usurpare,</strong></span> <span class='ocrx_word' id='word_1_235' title='bbox 1576 2424 1618 2466; x_wconf 86' lang='lat' dir='ltr'><strong>id</strong></span> 
     </span>
     <span class='ocr_line' id='line_1_37' title="bbox 333 2486 1619 2546; baseline -0.003 -15"><span class='ocrx_word' id='word_1_236' title='bbox 333 2487 535 2546; x_wconf 73' lang='lat' dir='ltr'><strong>usurpare.</strong></span> <span class='ocrx_word' id='word_1_237' title='bbox 555 2526 567 2539; x_wconf 64' lang='lat'><em>,</em></span> <span class='ocrx_word' id='word_1_238' title='bbox 609 2491 811 2532; x_wconf 81' lang='lat' dir='ltr'><strong>Exhibete</strong></span> <span class='ocrx_word' id='word_1_239' title='bbox 851 2491 946 2530; x_wconf 85' lang='lat' dir='ltr'><strong>Phi·</strong></span> <span class='ocrx_word' id='word_1_240' title='bbox 1009 2489 1088 2535; x_wconf 70' lang='lat' dir='ltr'><strong>est,</strong></span> <span class='ocrx_word' id='word_1_241' title='bbox 1109 2503 1261 2530; x_wconf 85' lang='lat' dir='ltr'><strong>morem</strong></span> <span class='ocrx_word' id='word_1_242' title='bbox 1284 2488 1488 2529; x_wconf 85' lang='lat' dir='ltr'><strong>solennem</strong></span> <span class='ocrx_word' id='word_1_243' title='bbox 1507 2486 1619 2540; x_wconf 77' lang='lat' dir='ltr'><strong>sequi</strong></span> 
     </span>
     <span class='ocr_line' id='line_1_38' title="bbox 333 2550 1621 2606; baseline -0.004 -13"><span class='ocrx_word' id='word_1_244' title='bbox 333 2554 450 2606; x_wconf 83' lang='lat' dir='ltr'><strong>lippo</strong></span> <span class='ocrx_word' id='word_1_245' title='bbox 481 2567 532 2592; x_wconf 90' lang='lat' dir='ltr'><strong>ex</strong></span> <span class='ocrx_word' id='word_1_246' title='bbox 571 2567 684 2594; x_wconf 88' lang='lat' dir='ltr'><strong>more</strong></span> <span class='ocrx_word' id='word_1_247' title='bbox 713 2554 943 2600; x_wconf 82' lang='lat' dir='ltr'><strong>honorem,</strong></span> <span class='ocrx_word' id='word_1_248' title='bbox 1009 2552 1047 2591; x_wconf 87' lang='lat' dir='ltr'><strong>in</strong></span> <span class='ocrx_word' id='word_1_249' title='bbox 1109 2564 1160 2591; x_wconf 89' lang='lat' dir='ltr'><strong>eo</strong></span> <span class='ocrx_word' id='word_1_250' title='bbox 1225 2552 1357 2591; x_wconf 88' lang='lat' dir='ltr'><strong>omine</strong></span> <span class='ocrx_word' id='word_1_251' title='bbox 1421 2550 1621 2602; x_wconf 74' lang='lat' dir='ltr'><strong>captando</strong></span> 
     </span>
     <span class='ocr_line' id='line_1_39' title="bbox 335 2611 1572 2674; baseline 0.003 -21"><span class='ocrx_word' id='word_1_252' title='bbox 335 2629 455 2668; x_wconf 85' lang='lat' dir='ltr'><strong>quem</strong></span> <span class='ocrx_word' id='word_1_253' title='bbox 475 2615 585 2670; x_wconf 81' lang='lat' dir='ltr'><strong>leges</strong></span> <span class='ocrx_word' id='word_1_254' title='bbox 613 2614 822 2668; x_wconf 74' lang='lat' dir='ltr'><strong>jubebant.</strong></span> <span class='ocrx_word' id='word_1_255' title='bbox 849 2615 948 2655; x_wconf 84' lang='lat' dir='ltr'><strong>For·</strong></span> <span class='ocrx_word' id='word_1_256' title='bbox 1010 2613 1120 2671; x_wconf 79' lang='lat' dir='ltr'><strong>quod</strong></span> <span class='ocrx_word' id='word_1_257' title='bbox 1137 2614 1293 2674; x_wconf 71' lang='lat' dir='ltr'><strong>legibus</strong></span> <span class='ocrx_word' id='word_1_258' title='bbox 1309 2611 1451 2673; x_wconf 67' lang='lat' dir='ltr'><strong>jussum</strong></span> <span class='ocrx_word' id='word_1_259' title='bbox 1468 2622 1572 2657; x_wconf 73' lang='lat' dir='ltr'><strong>erato</strong></span> 
     </span>
     <span class='ocr_line' id='line_1_40' title="bbox 335 2675 950 2737; baseline -0.005 -17"><span class='ocrx_word' id='word_1_260' title='bbox 335 2676 403 2720; x_wconf 67' lang='lat' dir='ltr'><strong>(an</strong></span> <span class='ocrx_word' id='word_1_261' title='bbox 420 2677 562 2723; x_wconf 80' lang='lat' dir='ltr'><strong>melius</strong></span> <span class='ocrx_word' id='word_1_262' title='bbox 579 2677 793 2722; x_wconf 82' lang='lat' dir='ltr'><strong>videretur</strong></span> <span class='ocrx_word' id='word_1_263' title='bbox 812 2705 827 2726; x_wconf 90' lang='lat'><em>,</em></span> <span class='ocrx_word' id='word_1_264' title='bbox 849 2675 950 2737; x_wconf 51' lang='lat' dir='ltr'><strong>legis</strong></span> 
     </span>
    </p>
   </div>
  </div>
 </body>
</html>
