1680 3052
285 132 642 195 Ltnssn
734 125 1069 190 XXXII.
1241 129 1318 210 89

43 215 252 272 Romani
286 214 621 284 penetravere.
646 212 738 263 Pro
771 213 842 260 his
863 212 988 260 ordo
1010 249 1025 271 ‚
1062 211 1115 260 &
1140 213 1521 278 milita-U,c„554,

43 290 106 340 tis
138 288 377 353 disciplina
395 323 411 344 ,
436 286 486 335 &
508 299 656 351 genus
685 297 926 329 armorum
947 292 1077 337 erat,
1102 295 1122 325 1
1150 296 1317 344 aptum
1329 280 1520 334 a,C.198‚

43 355 270 422 urgendis
296 355 436 421 regiis
465 370 476 401 ε
511 368 598 417 pro
633 347 768 398 hoste
796 348 906 397 loca
925 385 940 409 ‚
976 347 1030 395 ὅ(
1064 348 1317 411 catapultae

42 421 332 489 ballistaeque
353 459 367 480 ‚
405 422 452 468 in
483 418 706 468 omnibus
740 432 896 482 prope
924 413 1151 481 rupibus,
1187 413 1317 478 quasi

45 493 96 542 in
125 492 303 548 muris,
337 485 585 554 dispositae.
630 485 798 534 Multis
847 485 957 532 hinc
1007 496 1151 547 atque
1188 482 1318 531 illinc

44 559 320 608 vulneribus
352 558 597 620 acceptis,
632 571 779 618 quum
816 553 963 601 etiam
985 588 999 610 ‚
1031 564 1083 599 ut
1111 551 1158 598 in
1192 567 1320 616 prae-

44 626 112 676 lio
147 624 268 690 justo
289 661 303 684 ,
339 623 525 691 aliquot
562 619 872 691 cecidissent,
907 637 1006 670 nox
1040 634 1217 686 pugnae
1253 616 1320 667 fi-

46 709 160 743 nem
187 691 318 741 fecit.
633 713 635 715 ¹

111 759 198 810 XI.
233 759 404 825 Quum
423 759 473 806 in
503 759 597 807 hoc
626 756 747 807 statu
768 766 849 806 res
865 753 1009 817 esset,
1038 753 1199 822 pastor
1218 756 1368 822 qui-A
1391 763 1522 816 pasto-

44 827 156 877 dam
175 866 190 889 ,
228 847 254 876 a
287 827 521 893 Charopo
557 828 773 892 principe
794 823 1100 890 Epirotarum
1128 823 1285 873 missus
1304 838 1370 884 ‚re
1393 825 1459 892 vict
1480 840 1522 864 ο·

43 896 296 946 deducitur
331 895 391 944 ad
428 893 690 943 consulem.
723 893 767 944 Is
795 893 845 959 fh
875 895 924 942 in
962 912 1011 941 eo
1035 893 1198 957 saltu,
1240 886 1524 958 quisteff‘stss'

44 965 176 1029 regiis
208 981 314 1013 tunc
345 980 557 1013 oneratus
589 963 743 1030 castris
779 977 906 1021 erat,
937 976 1182 1010 armentum
1199 961 1317 1027 pas-
1333 947 1521 1007 qu'mffi

46 1050 140 1082 cere
169 1033 232 1082 ait
267 1050 278 1081 ε
317 1049 467 1080 omnes
504 1035 718 1079 montium
756 1047 905 1078 eorum
940 1028 1182 1094 amfraHus
1216 1031 1323 1078 cal-

46 1101 191 1165 lesque
227 1098 358 1164 noffi.
389 1102 444 1148 Si
470 1099 621 1163 secum
653 1100 833 1162 aliquos
863 1099 1031 1145 mittere
1053 1099 1201 1156 velitj
1230 1118 1322 1148 non

45 1168 230 1234 iniquo,
268 1186 346 1217 nec
365 1166 629 1233 perdifficili
659 1169 789 1213 aditu
814 1166 959 1231 fizpra
983 1181 1119 1231 caput
1140 1166 1324 1232 hostium

47 1239 347 1286 deduaurum.
391 1252 417 1282 2
452 1234 573 1282 Haec
598 1272 613 1294 ,
659 1231 916 1298 Charopus
947 1235 1211 1283 renunciat}
1246 1233 1325 1298 ju·

46 1303 130 1352 bet
151 1343 167 1365 ‚
194 1307 259 1353 ita
285 1304 534 1360 crederet,
565 1317 614 1350 ut
637 1301 726 1352 suae
760 1302 922 1367 potius
954 1304 1118 1351 omnia
1137 1339 1151 1362 ‚
1177 1303 1324 1370 quam

46 1372 181 1421 illius·
197 1371 440 1439 potestatis
471 1369 635 1420 essent.
668 1369 837 1435 Quum
861 1372 1011 1437 magis
1033 1370 1183 1421 vellet
1217 1388 1324 1421 cre-

45 1438 163 1489 dere
185 1478 199 1498 ,
234 1439 378 1505 quam
416 1440 616 1488 auderet
655 1437 848 1498 consul,
885 1438 1171 1505 mistumque
1201 1457 1327 1507 gau-

45 1506 129 1557 dio
161 1525 215 1556 ac
249 1523 382 1556 metu
406 1509 619 1556 animum
653 1520 844 1575 gereret
865 1545 880 1568 ‚
915 1506 1196 1558 aufioritate
1213 1526 1325 1559 mo·-

44 1588 120 1626 tus
164 1574 414 1642 Charopi,
452 1577 659 1642 experiri
699 1575 831 1642 spem
869 1575 1081 1625 oblatam
1116 1574 1275 1626 statuit
1304 1593 1323 1627 ι

46 1644 101 1694 &
129 1657 180 1693 ut
212 1658 452 1694 averteret
485 1661 588 1693 rem
623 1662 649 1693 a
682 1643 981 1712 suspicione,
1028 1644 1177 1696 biduo
1206 1644 1326 1694 inse-

50 1713 217 1778 quenti
265 1711 488 1762 lacessere
531 1711 718 1762 hostem
747 1750 763 1774 ,
812 1712 1042 1780 dispositis
1078 1713 1139 1762 ab
1186 1715 1325 1764 omni

45 1795 182 1847 parte
216 1783 402 1846 copiis,
441 1779 895 1848 succedentibusque
932 1783 1126 1849 integris
1156 1783 1204 1831 in
1239 1782 1325 1832 lo-

44 1865 156 1897 cum
187 1848 475 1898 defessorum
495 1886 511 1909 ‚
541 1867 641 1899 non
677 1848 869 1900 destitit.
911 1849 1140 1916 Quatuor
1174 1849 1324 1901 millia

46 1915 161 1964 inde
206 1916 324 1965 leem
362 1917 578 1984 peditum
603 1956 616 1979 ‚
653 1917 705 1967 &
746 1933 988 1969 trecentos
1020 1921 1206 1985 equites
1244 1920 1325 1969 tri-

47 1982 182 2034 buno
217 1985 420 2034 militum
450 1986 609 2036 tradit.
647 1985 846 2053 Equites
866 2026 881 2048 ‚
920 1987 1082 2053 quoad
1113 1988 1222 2037 loca
1241 2007 1327 2055 pa-

44 2051 224 2101 tiantur
243 2090 258 2112 ,
284 2052 459 2102 ducere
487 2053 623 2118 jubet
645 2073 656 2105 :
682 2057 764 2104 ubi
793 2056 854 2104 ad
875 2058 1002 2105 invia
1032 2058 1181 2123 equiti
1201 2073 1326 2107 ven·

46 2131 149 2168 tum
169 2118 223 2168 stt
242 2158 256 2180 ‚
282 2122 328 2168 in
353 2121 548 2185 planitie
573 2123 728 2189 aliqua
750 2123 896 2173 locari
921 2125 1186 2190 equitatum
1208 2142 1221 2184 3
1241 2142 1330 2191 pe-

46 2186 167 2238 'dites
187 2225 202 2250 ,
229 2190 323 2255 qua
343 2189 438 2238 dux
462 2189 743 2242 monstraret
764 2193 893 2245 viam
914 2230 929 2254 ‚
961 2194 1028 2242 ire
1050 2209 1063 2242 z
1087 2193 1200 2255 ubi,
1226 2208 1248 2260 3
1272 2205 1329 2243 ut

114 2317 132 2346 ι
149 2306 295 2361 Aptum
306 2307 485 2363 urgendis
499 2309 650 2365 regiis]
715 2310 894 2352 nunciati
911 2311 1024 2366 jubet
1045 2312 1220 2361 consuli,
1239 2325 1324 2355 mo·-

48 2364 171 2408 Poffis
187 2368 452 2423 etiamlegere
467 2398 476 2418 ,
492 2386 567 2412 nec
585 2373 654 2413 mi·
716 2374 803 2413 neri
832 2373 946 2425 jubet
972 2375 1175 2416 consulem
1195 2404 1205 2424 ‚
1236 2375 1323 2415 haec

49 2425 125 2468 mis
137 2428 313 2482 apposite
328 2432 376 2470 ad
390 2445 470 2471 rem
484 2434 651 2486 praesen·
715 2435 769 2475 ita
788 2436 995 2484 crederet,
1017 2447 1060 2477 ut
1082 2448 1215 2478 tamen
1233 2450 1322 2476 om·

49 2498 131 2530 tem
151 2516 163 2536 ,
185 2502 315 2546 aptum
333 2495 503 2548 urgendo
533 2496 653 2536 comi·
716 2494 778 2537 nia
801 2496 933 2550 potitis
952 2499 990 2537 in
1009 2497 1072 2538 sua
1096 2498 1176 2551 ipse
1195 2499 1324 2538 habe-

49 2565 136 2591 nus.
488 2575 492 2578 ⁴
715 2569 778 2599 ret
797 2559 994 2612 potestate
1013 2587 1024 2605 ,
1043 2563 1157 2614 quarn
1177 2558 1323 2613 pastori

114 2624 136 2651 2
157 2610 250 2652 Haec
266 2639 277 2659 ‚
300 2614 495 2670 Charopus
514 2632 653 2659 renun-
715 2620 772 2661 illi
796 2622 1068 2673 permitteret.

45 2671 150 2725 fian·
170 2672 299 2729 jubet.
318 2674 336 2730 J
361 2676 568 2734 Charopus
586 2694 653 2723 re·
776 2691 797 2737 3
823 2680 881 2723 Ut
893 2681 1181 2738 pellicearum]
1199 2681 1324 2734 Dum
