1680 3052
246 127 292 188 L
335 140 357 186 1
403 143 438 185 Β
485 144 521 186 E
564 144 604 186 R
686 124 1073 186 XXXIII.
1207 143 1319 205 197

23 179 26 199 l

0 204 92 271 li&
121 206 352 272 ducentos
380 211 565 276 equites
599 225 758 257 novos
793 209 1092 257 conscribere
1114 210 1311 273 permis-
1327 220 1527 272 U‚c,557,·-

0 274 154 345 .{sum.
182 279 269 327 Par
299 294 523 327 numerus
543 276 761 341 peditum
794 278 1109 341 equitumque
1143 279 1517 331 iiovo-0·C-12)5.

0 349 141 400 ulrum
173 346 224 395 P.
256 346 442 395 Manlio
475 347 523 393 in
543 345 813 393 citeriorem
837 342 1118 409 Hispaniam
1140 342 1312 392 decre-

0 405 113 488 .jtus
143 432 153 462 :
185 415 237 463 &
267 415 397 480 legio
428 413 632 472 eadem,
656 429 760 476 quae
786 409 940 459 fuerat
968 409 1049 459 sub
1086 409 1309 459 Minucio

0 491 19 548 15¹
36 496 240 547 praetore
257 519 272 539 ‚
300 484 426 530 data.
449 480 509 528 Et
532 479 583 528 P.
621 478 792 528 Porcio
815 478 967 527 Laecae
990 478 1048 526 ad
1071 476 1311 526 Etruriam

0 550 157 609 ucirca
193 548 312 597 Pisas
363 548 458 597 duo
497 547 644 596 millia
686 547 940 612 peditum,
971 545 1023 594 ὅ(
1061 547 1312 611 quingenti

0 626 15 678 η
33 618 217 682 equites
249 633 308 664 ex
341 613 534 664 Gallico
571 617 783 663 exercitu
816 614 1014 662 decreti.
1052 612 1108 661 In
1141 612 1311 661 Sardi-

0 683 109 742 lnia
141 698 452 751 prorogatum
485 684 743 748 imperium
784 681 1078 747 Sempronio
1113 680 1311 747 Longo-

0 750 13 815 Ξ
98 750 281 800 XLIV.
335 750 598 801 Provinciis
649 752 714 798 ita
761 749 1015 799 distributis
1033 786 1046 809 ,
1087 747 1307 797 consules

5 818 11 881 l
33 819 300 885 priusquam
323 819 381 867 ab
403 819 520 868 urbe
539 817 952 885 proficiscerentur
968 855 984 878 ‚
1015 833 1103 865 ver
1123 815 1305 865 sacrum
1349 837 1430 879 Ver·
1451 836 1513 878 (ᾗ,

7 888 9 922 3
32 903 91 935 ex
122 886 408 953 pontificum
435 885 553 953 juffu
575 885 738 935 fecere
755 917 769 945 5
795 902 826 948 7
857 886 990 951 quod
1015 883 1079 933 A.
1111 883 1303 934 Corne·
1319 915 1420 939 cram
1441 875 1513 954 ᾖ.

0 980 7 995 ·2
28 953 116 1002 lius
152 955 421 1004 Mammula
444 969 619 1021 praetor
639 967 876 1012 voverat,
908 954 966 1002 cle
992 952 1175 1002 senatus
1195 953 1304 1002 sen-
1318 963 1425 1000 ciunt

0 1040 5 1071 ῖ
29 1024 178 1071 tentia
197 1061 212 1083 ‚
251 1024 516 1089 populique
548 1020 664 1088 jussu
683 1060 697 1082 ‚
725 1020 820 1071 Cn.
845 1021 1050 1070 Servilio
1072 1059 1085 1081 ‚
1110 1019 1171 1069 C.
1191 1021 1302 1070 Fla·
1320 1022 1424 1077 Coff.

2 1090 177 1140 ‚minio
215 1091 520 1151 consulibus·‚
549 1093 682 1139 annis
715 1088 820 1156 post
838 1107 935 1138 uno
967 1105 1021 1137 ac
1049 1090 1218 1156 viginti
1238 1088 1308 1139 fa-

0 1155 153 1207 lcium
196 1157 293 1220 est,
323 1159 467 1226 quam
504 1173 694 1209 votum.
746 1157 836 1206 Per
870 1157 1068 1206 eosdem
1104 1157 1206 1206 dies
1242 1156 1308 1208 C.

0 1220 1 1256 1
25 1223 260 1275 Claudius
280 1263 294 1286 ,
326 1228 427 1293 Ap.
453 1224 576 1276 filius
592 1263 607 1286 ,
632 1224 833 1274 Pulcher
853 1263 868 1285 ,
887 1243 1035 1293 augur
1054 1227 1100 1273 in
1120 1223 1194 1289 Q.
1212 1224 1305 1274 Fa·

21 1293 93 1344 bii
124 1294 324 1342 Maximi
366 1296 528 1345 locum
552 1332 566 1355 ‚
603 1296 681 1361 qui
716 1296 875 1360 priore
914 1311 1041 1341 anno
1084 1308 1303 1343 mortuus

27 1376 159 1423 erat,
183 1362 330 1411 lecius
349 1362 742 1430 inauguratusque
767 1361 853 1411 est.
881 1356 1172 1410 Mirantibus
1201 1359 1302 1426 jam

23 1429 170 1496 vulgo
201 1431 474 1480 hominibus
495 1468 511 1492 ‚
547 1432 682 1498 quod
709 1430 940 1491 Hispania
958 1427 1183 1479 movisset
1201 1429 1304 1479 bel-

22 1496 121 1547 lum
147 1498 358 1564 negligi,
383 1500 552 1548 litterae
584 1518 611 1547 a
636 1499 706 1564 Q.
735 1498 955 1548 Minucio
988 1494 1141 1547 allatae
1167 1497 1299 1559 sunt,
1360 1507 1506 1552 Viffia

23 1567 83 1614 Se
109 1567 173 1613 ad
193 1568 386 1615 Turbam
417 1569 629 1633 oppidum
662 1586 760 1616 cum
791 1570 977 1616 Budare
1007 1567 1052 1616 ὅ»
1085 1566 1297 1632 Besastde
1318 1570 1372 1629 Q
1418 1573 1504 1613 Mi-

23 1632 365 1699 imperaeoribus
400 1636 654 1700 Hispanis,
680 1637 824 1702 signis
865 1636 1050 1684 collatis
1092 1633 1426 1701 prodllbere'fmcio

14 1700 230 1768 pugnaffi
258 1721 273 1752 .·
302 1705 534 1753 duodecim
561 1704 711 1751 millia
744 1705 927 1769 hostium
958 1702 1070 1768 caesa
1097 1721 1110 1751 .·
1134 1705 1295 1752 Buda-
1314 1693 1504 1752 Hispani.

22 1786 112 1818 rem
137 1771 444 1835 imperatorem
477 1787 656 1838 captura
693 1790 707 1820 .·
746 1787 912 1821 ceteros
931 1770 1066 1836 jitsos
1084 1768 1300 1838 fugatos-

21 1855 120 1902 que.
151 1836 241 1886 His
273 1839 442 1888 litteris
478 1838 641 1900 leffis,
675 1841 831 1889 minus
868 1841 1063 1888 terroris
1092 1840 1152 1888 ab
1193 1838 1304 1889 His-

20 1904 157 1970 panis
172 1919 272 1955 erat
288 1943 302 1967 ‚
322 1907 451 1956 unde
468 1910 634 1976 ingens
653 1908 833 1957 bellum
855 1906 1173 1973 exspeGiatum
1193 1906 1303 1957 fue-

19 1987 109 2022 rat.
149 1971 339 2024 Omnes
381 1994 502 2025 curae
526 2015 541 2037 ‚
581 1974 688 2042 post
726 1977 990 2026 adventum
1022 1977 1186 2042 utique
1218 1976 1305 2025 de-

19 2057 126 2089 cem
149 2042 416 2108 legatorum
437 2082 454 2102 ,
485 2046 531 2092 in
556 2044 852 2094 Antiochum
890 2061 1057 2110 regem
1090 2061 1304 2094 conver-

19 2107 96 2157 sae.
133 2109 200 2157 Hi
237 2110 461 2176 expositis
491 2114 616 2178 prius
653 2130 758 2178 quae
792 2130 903 2162 cum
938 2111 1164 2178 Philippo
1198 2112 1300 2162 afia

23 2175 172 2225 essent
192 2214 205 2236 ‚
236 2178 287 2225 ὃ(
310 2180 478 2244 quibus
502 2181 686 2246 legibus
711 2181 820 2230 data
853 2199 945 2247 pax
966 2217 980 2240 ‚
1008 2198 1107 2229 non
1132 2183 1301 2230 mino-

18 2260 124 2292 rem
164 2245 279 2294 belli
318 2248 501 2295 molem
535 2247 703 2298 restare
731 2250 788 2298 ab
828 2248 1074 2297 Antiocho
1108 2249 1298 2298 docue-

21 2327 147 2361 runt.
178 2316 352 2380 Ingenti
387 2314 518 2378 claſj}
541 2353 555 2374 ,
578 2319 744 2383 egregio
774 2319 955 2383 terrestri
989 2319 1188 2365 exercitu
1208 2354 1220 2375 ‚
1251 2320 1300 2365 ira

18 2380 255 2445 Europam
276 2401 369 2430 eum
391 2382 607 2447 trajeciſje
627 2404 644 2443 ,·
668 2388 757 2450 nisi
773 2383 998 2449 avertiffizt
1018 2403 1141 2432 vana
1156 2385 1297 2449 spes,

14 2463 81 2519 ‘ex
98 2451 284 2496 vaniore
306 2469 475 2500 rumore
499 2468 597 2500 orta
613 2489 631 2511 ,
652 2455 853 2520 AEgypti
872 2454 1142 2503 invadendae
1159 2489 1173 2512 ,
1190 2469 1297 2500 mox

79 2611 105 2648 7
153 2597 271 2655 Quod
306 2600 360 2640 A.
413 2603 616 2643 Cornelius
679 2603 778 2646 Vid.
795 2614 882 2646 not.
908 2615 924 2657 ς
952 2632 963 2652 ,
983 2603 1032 2643 ad
1054 2600 1176 2643 XXII
1199 2612 1255 2655 »9
1272 2629 1287 2653 ι

18 2655 238 2700 Mammula
250 2674 396 2716 prator
411 2666 614 2719 voverat]
682 2665 813 2720 supra.

995 2719 1017 2769 1
1036 2719 1083 2790 iij
