<?xml version="1.0" encoding="UTF-8"?>
<!DOCTYPE html PUBLIC "-//W3C//DTD XHTML 1.0 Transitional//EN"
    "http://www.w3.org/TR/xhtml1/DTD/xhtml1-transitional.dtd">
<html xmlns="http://www.w3.org/1999/xhtml" xml:lang="en" lang="en">
 <head>
  <title>
</title>
<meta http-equiv="Content-Type" content="text/html;charset=utf-8" />
  <meta name='ocr-system' content='tesseract 3.04.00' />
  <meta name='ocr-capabilities' content='ocr_page ocr_carea ocr_par ocr_line ocrx_word'/>
</head>
<body>
  <div class='ocr_page' id='page_1' title='image "./tliviipatavinihi0301livy_0196.png"; bbox 0 0 1680 3052; ppageno 0'>
   <div class='ocr_carea' id='block_1_1' title="bbox 1646 154 1680 1058">
    <p class='ocr_par' dir='ltr' id='par_1_1' title="bbox 1646 154 1680 1058">
     <span class='ocr_line' id='line_1_1' title="bbox 1646 154 1680 504; baseline 0 0"><span class='ocrx_word' id='word_1_1' title='bbox 1646 154 1680 504; x_wconf 95' lang='lat' dir='ltr'><em>     </em></span> 
     </span>
     <span class='ocr_line' id='line_1_2' title="bbox 1646 517 1680 855; baseline 0 -78"><span class='ocrx_word' id='word_1_2' title='bbox 1646 517 1680 855; x_wconf 95' lang='lat' dir='ltr'><em>     </em></span> 
     </span>
     <span class='ocr_line' id='line_1_3' title="bbox 1649 855 1680 1058; baseline 0 0"><span class='ocrx_word' id='word_1_3' title='bbox 1649 855 1680 1058; x_wconf 95' lang='lat' dir='ltr'><em>   </em></span> 
     </span>
    </p>
   </div>
   <div class='ocr_carea' id='block_1_2' title="bbox 159 123 1661 1976">
    <p class='ocr_par' dir='ltr' id='par_1_2' title="bbox 170 123 1657 342">
     <span class='ocr_line' id='line_1_4' title="bbox 381 123 1367 198; baseline -0.008 -14"><span class='ocrx_word' id='word_1_4' title='bbox 381 142 494 198; x_wconf 69' lang='lat'><em>192</em></span> <span class='ocrx_word' id='word_1_5' title='bbox 659 124 715 183; x_wconf 95' lang='lat' dir='ltr'>T</span> <span class='ocrx_word' id='word_1_6' title='bbox 759 142 781 182; x_wconf 86' lang='lat'>1</span> <span class='ocrx_word' id='word_1_7' title='bbox 820 143 863 186; x_wconf 85' lang='lat' dir='ltr'>T</span> <span class='ocrx_word' id='word_1_8' title='bbox 901 141 925 183; x_wconf 86' lang='lat'>1</span> <span class='ocrx_word' id='word_1_9' title='bbox 1022 123 1071 182; x_wconf 94' lang='lat' dir='ltr'>L</span> <span class='ocrx_word' id='word_1_10' title='bbox 1121 137 1144 178; x_wconf 93' lang='lat'>1</span> <span class='ocrx_word' id='word_1_11' title='bbox 1188 138 1235 177; x_wconf 86' lang='lat' dir='ltr'><strong>v</strong></span> <span class='ocrx_word' id='word_1_12' title='bbox 1277 137 1299 177; x_wconf 93' lang='lat'>1</span> <span class='ocrx_word' id='word_1_13' title='bbox 1343 137 1367 177; x_wconf 89' lang='lat'>1</span> 
     </span>
     <span class='ocr_line' id='line_1_5' title="bbox 170 195 1649 278; baseline -0.006 -18"><span class='ocrx_word' id='word_1_14' title='bbox 170 203 531 278; x_wconf 69' lang='lat' dir='ltr'><em>U‚e,555‚manos</em></span> <span class='ocrx_word' id='word_1_15' title='bbox 552 207 806 271; x_wconf 83' lang='lat' dir='ltr'><em>inquirere,</em></span> <span class='ocrx_word' id='word_1_16' title='bbox 843 206 957 272; x_wconf 83' lang='lat' dir='ltr'><em>quid</em></span> <span class='ocrx_word' id='word_1_17' title='bbox 988 203 1078 270; x_wconf 81' lang='lat' dir='ltr'><em>regi</em></span> <span class='ocrx_word' id='word_1_18' title='bbox 1103 204 1336 252; x_wconf 81' lang='lat' dir='ltr'><em>Antiocho</em></span> <span class='ocrx_word' id='word_1_19' title='bbox 1357 195 1649 265; x_wconf 55' lang='lat' dir='ltr'><em>faciendtimgt</em></span> 
     </span>
     <span class='ocr_line' id='line_1_6' title="bbox 171 269 1657 342; baseline -0.005 -19"><span class='ocrx_word' id='word_1_20' title='bbox 171 281 421 335; x_wconf 75' lang='lat' dir='ltr'><em>a.C.196.at</em></span> <span class='ocrx_word' id='word_1_21' title='bbox 438 314 455 335; x_wconf 92' lang='lat'><strong><em>,</em></strong></span> <span class='ocrx_word' id='word_1_22' title='bbox 488 278 712 342; x_wconf 76' lang='lat' dir='ltr'><em>quousque</em></span> <span class='ocrx_word' id='word_1_23' title='bbox 747 278 865 322; x_wconf 60' lang='lat' dir='ltr'><em>terra*</em></span> <span class='ocrx_word' id='word_1_24' title='bbox 901 274 1100 336; x_wconf 84' lang='lat' dir='ltr'><em>marique</em></span> <span class='ocrx_word' id='word_1_25' title='bbox 1123 271 1495 337; x_wconf 81' lang='lat' dir='ltr'><em>progrediendum</em></span> <span class='ocrx_word' id='word_1_26' title='bbox 1514 269 1657 333; x_wconf 78' lang='lat' dir='ltr'><em>fueri</em></span> 
     </span>
    </p>

    <p class='ocr_par' dir='ltr' id='par_1_3' title="bbox 373 338 1661 411">
     <span class='ocr_line' id='line_1_7' title="bbox 373 338 1661 411; baseline -0.009 -17"><span class='ocrx_word' id='word_1_27' title='bbox 373 346 514 411; x_wconf 79' lang='lat' dir='ltr'><em>ipsis,</em></span> <span class='ocrx_word' id='word_1_28' title='bbox 548 363 639 392; x_wconf 90' lang='lat' dir='ltr'><em>non</em></span> <span class='ocrx_word' id='word_1_29' title='bbox 668 343 880 409; x_wconf 84' lang='lat' dir='ltr'><em>cogitare.</em></span> <span class='ocrx_word' id='word_1_30' title='bbox 901 342 1059 405; x_wconf 80' lang='lat' dir='ltr'><em>Asiam</em></span> <span class='ocrx_word' id='word_1_31' title='bbox 1085 341 1204 386; x_wconf 81' lang='lat' dir='ltr'><em>nihil</em></span> <span class='ocrx_word' id='word_1_32' title='bbox 1234 340 1298 385; x_wconf 84' lang='lat' dir='ltr'><em>ad</em></span> <span class='ocrx_word' id='word_1_33' title='bbox 1312 338 1533 403; x_wconf 76' lang='lat' dir='ltr'><em>populum</em></span> <span class='ocrx_word' id='word_1_34' title='bbox 1549 341 1661 388; x_wconf 57' lang='lat' dir='ltr'><em>Ros„-</em></span> 
     </span>
    </p>

    <p class='ocr_par' dir='ltr' id='par_1_4' title="bbox 159 399 1661 1976">
     <span class='ocr_line' id='line_1_8' title="bbox 376 399 1661 478; baseline -0.008 -17"><span class='ocrx_word' id='word_1_35' title='bbox 376 430 558 461; x_wconf 85' lang='lat' dir='ltr'><em>manum</em></span> <span class='ocrx_word' id='word_1_36' title='bbox 572 413 790 478; x_wconf 77' lang='lat' dir='ltr'><em>pertinere</em></span> <span class='ocrx_word' id='word_1_37' title='bbox 810 428 823 457; x_wconf 92' lang='lat'><em>.·</em></span> <span class='ocrx_word' id='word_1_38' title='bbox 843 426 921 457; x_wconf 87' lang='lat' dir='ltr'><em>nec</em></span> <span class='ocrx_word' id='word_1_39' title='bbox 937 409 1080 474; x_wconf 77' lang='lat' dir='ltr'><em>magis</em></span> <span class='ocrx_word' id='word_1_40' title='bbox 1100 408 1198 454; x_wconf 83' lang='lat' dir='ltr'><em>illis</em></span> <span class='ocrx_word' id='word_1_41' title='bbox 1216 407 1531 471; x_wconf 77' lang='lat' dir='ltr'><em>inquirendum</em></span> <span class='ocrx_word' id='word_1_42' title='bbox 1547 399 1661 469; x_wconf 66' lang='lat' dir='ltr'><em>effi„</em></span> 
     </span>
     <span class='ocr_line' id='line_1_9' title="bbox 375 475 1616 547; baseline -0.006 -17"><span class='ocrx_word' id='word_1_43' title='bbox 375 483 489 547; x_wconf 83' lang='lat' dir='ltr'><em>quid</em></span> <span class='ocrx_word' id='word_1_44' title='bbox 522 479 783 529; x_wconf 81' lang='lat' dir='ltr'><em>Antiochus</em></span> <span class='ocrx_word' id='word_1_45' title='bbox 811 479 859 525; x_wconf 87' lang='lat' dir='ltr'><em>in</em></span> <span class='ocrx_word' id='word_1_46' title='bbox 892 477 1044 540; x_wconf 84' lang='lat' dir='ltr'><em>Asia,</em></span> <span class='ocrx_word' id='word_1_47' title='bbox 1077 476 1211 539; x_wconf 79' lang='lat' dir='ltr'><em>qua&#39;m</em></span> <span class='ocrx_word' id='word_1_48' title='bbox 1245 475 1477 524; x_wconf 79' lang='lat' dir='ltr'><em>Antiocho</em></span> <span class='ocrx_word' id='word_1_49' title='bbox 1499 510 1513 532; x_wconf 91' lang='lat'>‚</span> <span class='ocrx_word' id='word_1_50' title='bbox 1544 476 1616 538; x_wconf 89' lang='lat' dir='ltr'><em>qui</em></span> 
     </span>
     <span class='ocr_line' id='line_1_10' title="bbox 374 540 1649 613; baseline -0.005 -16"><span class='ocrx_word' id='word_1_51' title='bbox 374 552 425 598; x_wconf 82' lang='lat' dir='ltr'><em>in</em></span> <span class='ocrx_word' id='word_1_52' title='bbox 440 549 587 597; x_wconf 85' lang='lat' dir='ltr'><em>Italia</em></span> <span class='ocrx_word' id='word_1_53' title='bbox 602 547 804 613; x_wconf 81' lang='lat' dir='ltr'><em>populus</em></span> <span class='ocrx_word' id='word_1_54' title='bbox 822 543 1239 606; x_wconf 79' lang='lat' dir='ltr'><em>Romanusfaciat.</em></span> <span class='ocrx_word' id='word_1_55' title='bbox 1260 544 1402 608; x_wconf 79' lang='lat' dir='ltr'><em>Quod</em></span> <span class='ocrx_word' id='word_1_56' title='bbox 1419 543 1482 589; x_wconf 82' lang='lat' dir='ltr'><em>ad</em></span> <span class='ocrx_word' id='word_1_57' title='bbox 1498 540 1649 591; x_wconf 77' lang='lat' dir='ltr'><em>Ptole·</em></span> 
     </span>
     <span class='ocr_line' id='line_1_11' title="bbox 376 612 1658 677; baseline -0.005 -12"><span class='ocrx_word' id='word_1_58' title='bbox 376 633 534 665; x_wconf 83' lang='lat' dir='ltr'><em>rnaeum</em></span> <span class='ocrx_word' id='word_1_59' title='bbox 578 617 805 671; x_wconf 78' lang='lat' dir='ltr'><em>attineat,</em></span> <span class='ocrx_word' id='word_1_60' title='bbox 837 615 911 661; x_wconf 86' lang='lat' dir='ltr'><em>cui</em></span> <span class='ocrx_word' id='word_1_61' title='bbox 941 614 1178 677; x_wconf 82' lang='lat' dir='ltr'><em>ademptas</em></span> <span class='ocrx_word' id='word_1_62' title='bbox 1209 612 1423 658; x_wconf 80' lang='lat' dir='ltr'><em>civitates</em></span> <span class='ocrx_word' id='word_1_63' title='bbox 1455 626 1658 675; x_wconf 52' lang='lat' dir='ltr'><em>queram-m</em></span> 
     </span>
     <span class='ocr_line' id='line_1_12' title="bbox 369 675 1617 747; baseline -0.006 -14"><span class='ocrx_word' id='word_1_64' title='bbox 369 699 482 743; x_wconf 84' lang='lat' dir='ltr'><em>tur;</em></span> <span class='ocrx_word' id='word_1_65' title='bbox 507 683 599 747; x_wconf 81' lang='lat' dir='ltr'><em>fibi</em></span> <span class='ocrx_word' id='word_1_66' title='bbox 632 701 730 730; x_wconf 89' lang='lat' dir='ltr'><em>cum</em></span> <span class='ocrx_word' id='word_1_67' title='bbox 757 682 1001 730; x_wconf 66' lang='lat' dir='ltr'><em>Ptolemaeo</em></span> <span class='ocrx_word' id='word_1_68' title='bbox 1033 681 1077 727; x_wconf 63' lang='grc' dir='ltr'><em>ἐξ»</em></span> <span class='ocrx_word' id='word_1_69' title='bbox 1110 680 1359 726; x_wconf 86' lang='lat' dir='ltr'><em>amicitiam</em></span> <span class='ocrx_word' id='word_1_70' title='bbox 1391 675 1508 740; x_wconf 77' lang='lat' dir='ltr'><em>effi,</em></span> <span class='ocrx_word' id='word_1_71' title='bbox 1533 678 1576 726; x_wconf 61' lang='grc' dir='ltr'><em>ὅ*</em></span> <span class='ocrx_word' id='word_1_72' title='bbox 1607 679 1617 705; x_wconf 56' lang='grc'><strong>”</strong></span> 
     </span>
     <span class='ocr_line' id='line_1_13' title="bbox 368 744 1644 818; baseline -0.004 -19"><span class='ocrx_word' id='word_1_73' title='bbox 368 751 559 818; x_wconf 79' lang='lat' dir='ltr'><em>agerese</em></span> <span class='ocrx_word' id='word_1_74' title='bbox 591 767 639 799; x_wconf 87' lang='lat' dir='ltr'><em>ut</em></span> <span class='ocrx_word' id='word_1_75' title='bbox 669 752 792 798; x_wconf 73' lang='lat' dir='ltr'><em>brevi</em></span> <span class='ocrx_word' id='word_1_76' title='bbox 824 750 959 797; x_wconf 83' lang='lat' dir='ltr'><em>etiam</em></span> <span class='ocrx_word' id='word_1_77' title='bbox 984 747 1187 815; x_wconf 75' lang='lat' dir='ltr'><em>affinitas</em></span> <span class='ocrx_word' id='word_1_78' title='bbox 1205 744 1444 811; x_wconf 76' lang='lat' dir='ltr'><em>jungatur.</em></span> <span class='ocrx_word' id='word_1_79' title='bbox 1474 746 1575 793; x_wconf 90' lang='lat' dir='ltr'><em>Nec</em></span> <span class='ocrx_word' id='word_1_80' title='bbox 1591 764 1644 802; x_wconf 72' lang='lat' dir='ltr'><em>ex</em></span> 
     </span>
     <span class='ocr_line' id='line_1_14' title="bbox 364 813 1658 885; baseline -0.005 -16"><span class='ocrx_word' id='word_1_81' title='bbox 364 820 581 885; x_wconf 74' lang='lat' dir='ltr'><em>Philippi</em></span> <span class='ocrx_word' id='word_1_82' title='bbox 602 820 778 884; x_wconf 81' lang='lat' dir='ltr'><em>quidem</em></span> <span class='ocrx_word' id='word_1_83' title='bbox 799 817 987 882; x_wconf 81' lang='lat' dir='ltr'><em>adversa</em></span> <span class='ocrx_word' id='word_1_84' title='bbox 997 817 1189 880; x_wconf 83' lang='lat' dir='ltr'><em>fortuna</em></span> <span class='ocrx_word' id='word_1_85' title='bbox 1199 815 1357 879; x_wconf 84' lang='lat' dir='ltr'><em>spolia</em></span> <span class='ocrx_word' id='word_1_86' title='bbox 1388 814 1487 861; x_wconf 86' lang='lat' dir='ltr'><em>ulla</em></span> <span class='ocrx_word' id='word_1_87' title='bbox 1497 813 1550 876; x_wconf 86' lang='lat' dir='ltr'><em>se</em></span> <span class='ocrx_word' id='word_1_88' title='bbox 1565 831 1658 879; x_wconf 80' lang='lat' dir='ltr'><em>pe·—</em></span> 
     </span>
     <span class='ocr_line' id='line_1_15' title="bbox 365 878 1651 952; baseline -0.005 -16"><span class='ocrx_word' id='word_1_89' title='bbox 365 886 462 952; x_wconf 74' lang='lat' dir='ltr'><em>ttſje</em></span> <span class='ocrx_word' id='word_1_90' title='bbox 483 902 593 936; x_wconf 87' lang='lat' dir='ltr'><em>:aut</em></span> <span class='ocrx_word' id='word_1_91' title='bbox 608 886 829 936; x_wconf 73' lang='lat' dir='ltr'><em>adversus</em></span> <span class='ocrx_word' id='word_1_92' title='bbox 848 889 1082 934; x_wconf 85' lang='lat' dir='ltr'><em>Romanos</em></span> <span class='ocrx_word' id='word_1_93' title='bbox 1101 885 1151 931; x_wconf 85' lang='lat' dir='ltr'><em>in</em></span> <span class='ocrx_word' id='word_1_94' title='bbox 1181 885 1417 948; x_wconf 84' lang='lat' dir='ltr'><em>Europam</em></span> <span class='ocrx_word' id='word_1_95' title='bbox 1434 878 1651 947; x_wconf 50' lang='lat' dir='ltr'><em>trajecis*</em></span> 
     </span>
     <span class='ocr_line' id='line_1_16' title="bbox 354 950 1649 1022; baseline -0.008 -17"><span class='ocrx_word' id='word_1_96' title='bbox 354 956 408 1022; x_wconf 87' lang='lat' dir='ltr'><em>se</em></span> <span class='ocrx_word' id='word_1_97' title='bbox 431 993 445 1016; x_wconf 86' lang='lat'>‚</span> <span class='ocrx_word' id='word_1_98' title='bbox 480 955 542 1022; x_wconf 87' lang='lat'><em>[5</em></span> <span class='ocrx_word' id='word_1_99' title='bbox 577 954 658 1004; x_wconf 93' lang='lat' dir='ltr'><em>sed</em></span> <span class='ocrx_word' id='word_1_100' title='bbox 693 970 744 1003; x_wconf 92' lang='lat' dir='ltr'><em>ut</em></span> <span class='ocrx_word' id='word_1_101' title='bbox 778 951 1068 1004; x_wconf 74' lang='lat' dir='ltr'><em>Chersonesi</em></span> <span class='ocrx_word' id='word_1_102' title='bbox 1103 950 1244 999; x_wconf 88' lang='lat' dir='ltr'><em>urbes</em></span> <span class='ocrx_word' id='word_1_103' title='bbox 1281 952 1331 998; x_wconf 86' lang='lat'>&amp;</span> <span class='ocrx_word' id='word_1_104' title='bbox 1367 951 1475 998; x_wconf 81' lang='lat' dir='ltr'><em>loca</em></span> <span class='ocrx_word' id='word_1_105' title='bbox 1509 965 1649 1000; x_wconf 56' lang='lat' dir='ltr'><em>recu,</em></span> 
     </span>
     <span class='ocr_line' id='line_1_17' title="bbox 364 1015 1642 1090; baseline -0.005 -17"><span class='ocrx_word' id='word_1_106' title='bbox 364 1037 559 1090; x_wconf 86' lang='lat' dir='ltr'><em>peraret</em></span> <span class='ocrx_word' id='word_1_107' title='bbox 585 1041 596 1071; x_wconf 73' lang='grc' dir='ltr'>ε</span> <span class='ocrx_word' id='word_1_108' title='bbox 623 1040 768 1089; x_wconf 80' lang='lat' dir='ltr'><em>quam</em></span> <span class='ocrx_word' id='word_1_109' title='bbox 786 1060 801 1083; x_wconf 87' lang='lat'>‚</span> <span class='ocrx_word' id='word_1_110' title='bbox 822 1040 972 1088; x_wconf 87' lang='lat' dir='ltr'><em>quum</em></span> <span class='ocrx_word' id='word_1_111' title='bbox 990 1019 1265 1085; x_wconf 85' lang='lat' dir='ltr'><em>Lyfimachi</em></span> <span class='ocrx_word' id='word_1_112' title='bbox 1285 1017 1462 1085; x_wconf 84' lang='lat' dir='ltr'><em>]fuerit</em></span> <span class='ocrx_word' id='word_1_113' title='bbox 1477 1053 1494 1074; x_wconf 88' lang='lat'>‚</span> <span class='ocrx_word' id='word_1_114' title='bbox 1521 1015 1543 1084; x_wconf 93' lang='lat'>(</span> <span class='ocrx_word' id='word_1_115' title='bbox 1561 1022 1642 1083; x_wconf 84' lang='lat' dir='ltr'><em>quo</em></span> 
     </span>
     <span class='ocr_line' id='line_1_18' title="bbox 361 1085 1645 1157; baseline -0.004 -16"><span class='ocrx_word' id='word_1_116' title='bbox 361 1093 477 1142; x_wconf 77' lang='grc' dir='ltr'><em>νίἑῖο</em></span> <span class='ocrx_word' id='word_1_117' title='bbox 498 1094 652 1141; x_wconf 82' lang='lat' dir='ltr'><em>omnia</em></span> <span class='ocrx_word' id='word_1_118' title='bbox 669 1129 686 1151; x_wconf 88' lang='lat'>‚</span> <span class='ocrx_word' id='word_1_119' title='bbox 714 1108 808 1157; x_wconf 80' lang='lat' dir='ltr'><em>quae</em></span> <span class='ocrx_word' id='word_1_120' title='bbox 829 1091 961 1140; x_wconf 86' lang='lat' dir='ltr'><em>illius</em></span> <span class='ocrx_word' id='word_1_121' title='bbox 975 1087 1164 1154; x_wconf 74' lang='lat' dir='ltr'><em>fictffent</em></span> <span class='ocrx_word' id='word_1_122' title='bbox 1179 1125 1196 1146; x_wconf 88' lang='lat'>‚</span> <span class='ocrx_word' id='word_1_123' title='bbox 1217 1085 1323 1152; x_wconf 84' lang='lat' dir='ltr'><em>jure</em></span> <span class='ocrx_word' id='word_1_124' title='bbox 1341 1087 1448 1134; x_wconf 84' lang='lat' dir='ltr'><em>belli</em></span> <span class='ocrx_word' id='word_1_125' title='bbox 1470 1087 1645 1136; x_wconf 85' lang='lat' dir='ltr'><em>Seleuci</em></span> 
     </span>
     <span class='ocr_line' id='line_1_19' title="bbox 350 1148 1655 1227; baseline -0.01 -17"><span class='ocrx_word' id='word_1_126' title='bbox 350 1159 482 1225; x_wconf 63' lang='lat' dir='ltr'><em>fhela</em></span> <span class='ocrx_word' id='word_1_127' title='bbox 501 1159 632 1227; x_wconf 83' lang='lat' dir='ltr'><em>sint)</em></span> <span class='ocrx_word' id='word_1_128' title='bbox 657 1162 905 1224; x_wconf 80' lang='lat' dir='ltr'><em>existimare</em></span> <span class='ocrx_word' id='word_1_129' title='bbox 927 1161 1023 1223; x_wconf 81' lang='lat' dir='ltr'><em>suae</em></span> <span class='ocrx_word' id='word_1_130' title='bbox 1050 1157 1242 1206; x_wconf 84' lang='lat' dir='ltr'><em>ditionis</em></span> <span class='ocrx_word' id='word_1_131' title='bbox 1264 1153 1360 1218; x_wconf 86' lang='lat' dir='ltr'><em>effe.</em></span> <span class='ocrx_word' id='word_1_132' title='bbox 1394 1148 1655 1220; x_wconf 41' lang='lat' dir='ltr'><em>Occupat&#39;iss⁴</em></span> 
     </span>
     <span class='ocr_line' id='line_1_20' title="bbox 362 1223 1651 1294; baseline -0.005 -18"><span class='ocrx_word' id='word_1_133' title='bbox 362 1228 616 1294; x_wconf 86' lang='lat' dir='ltr'><em>majoribus</em></span> <span class='ocrx_word' id='word_1_134' title='bbox 638 1228 742 1293; x_wconf 87' lang='lat' dir='ltr'><em>suis</em></span> <span class='ocrx_word' id='word_1_135' title='bbox 778 1229 808 1279; x_wconf 83' lang='lat'><strong>6</strong></span> <span class='ocrx_word' id='word_1_136' title='bbox 840 1246 984 1279; x_wconf 79' lang='lat' dir='ltr'><em>rerum</em></span> <span class='ocrx_word' id='word_1_137' title='bbox 1009 1227 1210 1274; x_wconf 83' lang='lat' dir='ltr'><em>aliarum</em></span> <span class='ocrx_word' id='word_1_138' title='bbox 1238 1224 1338 1272; x_wconf 70' lang='lat' dir='ltr'><em>alid</em></span> <span class='ocrx_word' id='word_1_139' title='bbox 1372 1223 1482 1270; x_wconf 75' lang='lat' dir='ltr'><em>curci</em></span> <span class='ocrx_word' id='word_1_140' title='bbox 1506 1259 1519 1281; x_wconf 85' lang='lat'>‚</span> <span class='ocrx_word' id='word_1_141' title='bbox 1547 1223 1651 1286; x_wconf 37' lang='lat' dir='ltr'><em>pri-v</em></span> 
     </span>
     <span class='ocr_line' id='line_1_21' title="bbox 360 1291 1643 1363; baseline -0.009 -17"><span class='ocrx_word' id='word_1_142' title='bbox 360 1298 433 1346; x_wconf 73' lang='lat' dir='ltr'><em>mo</em></span> <span class='ocrx_word' id='word_1_143' title='bbox 466 1313 499 1361; x_wconf 92' lang='lat'>7</span> <span class='ocrx_word' id='word_1_144' title='bbox 529 1300 737 1363; x_wconf 80' lang='lat' dir='ltr'><em>quaedam</em></span> <span class='ocrx_word' id='word_1_145' title='bbox 762 1314 817 1344; x_wconf 88' lang='lat' dir='ltr'><em>ex</em></span> <span class='ocrx_word' id='word_1_146' title='bbox 835 1297 906 1344; x_wconf 82' lang='lat' dir='ltr'><em>lu&#39;s</em></span> <span class='ocrx_word' id='word_1_147' title='bbox 931 1295 1223 1345; x_wconf 81' lang='lat' dir='ltr'><em>Ptolemceum</em></span> <span class='ocrx_word' id='word_1_148' title='bbox 1244 1329 1260 1350; x_wconf 91' lang='lat'>‚</span> <span class='ocrx_word' id='word_1_149' title='bbox 1292 1292 1453 1340; x_wconf 85' lang='lat' dir='ltr'><em>deinde</em></span> <span class='ocrx_word' id='word_1_150' title='bbox 1473 1291 1515 1338; x_wconf 73' lang='lat'><em>6³</em></span> <span class='ocrx_word' id='word_1_151' title='bbox 1532 1291 1643 1338; x_wconf 67' lang='lat' dir='ltr'><em>Plu·-</em></span> 
     </span>
     <span class='ocr_line' id='line_1_22' title="bbox 359 1359 1648 1432; baseline -0.007 -18"><span class='ocrx_word' id='word_1_152' title='bbox 359 1366 537 1432; x_wconf 82' lang='lat' dir='ltr'><em>Iippum</em></span> <span class='ocrx_word' id='word_1_153' title='bbox 553 1405 569 1425; x_wconf 88' lang='lat'><em>,</em></span> <span class='ocrx_word' id='word_1_154' title='bbox 589 1365 616 1414; x_wconf 87' lang='grc'>8</span> <span class='ocrx_word' id='word_1_155' title='bbox 634 1367 894 1432; x_wconf 82' lang='lat' dir='ltr'><em>usurpando</em></span> <span class='ocrx_word' id='word_1_156' title='bbox 911 1366 1067 1413; x_wconf 88' lang='lat' dir='ltr'><em>aliena</em></span> <span class='ocrx_word' id='word_1_157' title='bbox 1082 1399 1097 1423; x_wconf 86' lang='lat'><strong>,</strong></span> <span class='ocrx_word' id='word_1_158' title='bbox 1111 1359 1343 1427; x_wconf 81' lang='lat' dir='ltr'><em>poffediffe</em></span> <span class='ocrx_word' id='word_1_159' title='bbox 1357 1377 1377 1418; x_wconf 88' lang='lat'><em>,·</em></span> <span class='ocrx_word' id='word_1_160' title='bbox 1388 1361 1509 1424; x_wconf 86' lang='lat' dir='ltr'><em>ficut</em></span> <span class='ocrx_word' id='word_1_161' title='bbox 1527 1375 1648 1423; x_wconf 65' lang='lat' dir='ltr'><em>qua--</em></span> 
     </span>
     <span class='ocr_line' id='line_1_23' title="bbox 361 1428 1642 1500; baseline -0.009 -18"><span class='ocrx_word' id='word_1_162' title='bbox 361 1436 469 1482; x_wconf 84' lang='lat' dir='ltr'><em>dam</em></span> <span class='ocrx_word' id='word_1_163' title='bbox 495 1452 552 1482; x_wconf 88' lang='lat' dir='ltr'><em>ex</em></span> <span class='ocrx_word' id='word_1_164' title='bbox 576 1436 792 1500; x_wconf 83' lang='lat' dir='ltr'><em>proxima</em></span> <span class='ocrx_word' id='word_1_165' title='bbox 830 1434 1027 1483; x_wconf 80' lang='lat' dir='ltr'><em>Thracia</em></span> <span class='ocrx_word' id='word_1_166' title='bbox 1047 1469 1062 1491; x_wconf 85' lang='lat'>‚</span> <span class='ocrx_word' id='word_1_167' title='bbox 1094 1447 1191 1495; x_wconf 83' lang='lat' dir='ltr'><em>quae</em></span> <span class='ocrx_word' id='word_1_168' title='bbox 1223 1429 1476 1477; x_wconf 68' lang='lat' dir='ltr'><em>indubitate</em></span> <span class='ocrx_word' id='word_1_169' title='bbox 1509 1428 1642 1492; x_wconf 84' lang='lat' dir='ltr'><em>Lysi.-</em></span> 
     </span>
     <span class='ocr_line' id='line_1_24' title="bbox 360 1496 1640 1567; baseline -0.007 -16"><span class='ocrx_word' id='word_1_170' title='bbox 360 1504 511 1551; x_wconf 77' lang='lat' dir='ltr'><em>machi</em></span> <span class='ocrx_word' id='word_1_171' title='bbox 520 1500 712 1567; x_wconf 73' lang='lat' dir='ltr'><em>fherint.</em></span> <span class='ocrx_word' id='word_1_172' title='bbox 739 1517 769 1566; x_wconf 88' lang='lat'>9</span> <span class='ocrx_word' id='word_1_173' title='bbox 797 1503 885 1551; x_wconf 84' lang='lat' dir='ltr'><em>Ad</em></span> <span class='ocrx_word' id='word_1_174' title='bbox 914 1520 967 1549; x_wconf 91' lang='lat' dir='ltr'><em>ea</em></span> <span class='ocrx_word' id='word_1_175' title='bbox 987 1497 1214 1564; x_wconf 74' lang='lat' dir='ltr'><em>facienda</em></span> <span class='ocrx_word' id='word_1_176' title='bbox 1244 1499 1292 1545; x_wconf 86' lang='lat' dir='ltr'><em>in</em></span> <span class='ocrx_word' id='word_1_177' title='bbox 1314 1496 1546 1560; x_wconf 89' lang='lat' dir='ltr'><em>antiquum</em></span> <span class='ocrx_word' id='word_1_178' title='bbox 1566 1513 1640 1544; x_wconf 77' lang='lat' dir='ltr'><em>ve-</em></span> 
     </span>
     <span class='ocr_line' id='line_1_25' title="bbox 360 1566 1642 1636; baseline -0.009 -15"><span class='ocrx_word' id='word_1_179' title='bbox 360 1569 470 1635; x_wconf 59' lang='lat' dir='ltr'><em>tuste·</em></span> <span class='ocrx_word' id='word_1_180' title='bbox 493 1589 515 1621; x_wconf 21' lang='lat'><em>⁷:</em></span> <span class='ocrx_word' id='word_1_181' title='bbox 546 1571 591 1620; x_wconf 69' lang='grc' dir='ltr'><em>δ’</em></span> <span class='ocrx_word' id='word_1_182' title='bbox 626 1569 960 1636; x_wconf 81' lang='lat' dir='ltr'><em>Lyfimachiam</em></span> <span class='ocrx_word' id='word_1_183' title='bbox 982 1605 1000 1627; x_wconf 84' lang='lat'><em>,</em></span> <span class='ocrx_word' id='word_1_184' title='bbox 1026 1568 1219 1615; x_wconf 84' lang='lat' dir='ltr'><em>deletam</em></span> <span class='ocrx_word' id='word_1_185' title='bbox 1255 1567 1477 1614; x_wconf 76' lang='lat' dir='ltr'><em>Thracum</em></span> <span class='ocrx_word' id='word_1_186' title='bbox 1506 1566 1642 1629; x_wconf 83' lang='lat' dir='ltr'><em>impe-</em></span> 
     </span>
     <span class='ocr_line' id='line_1_26' title="bbox 358 1634 1654 1706; baseline -0.007 -19"><span class='ocrx_word' id='word_1_187' title='bbox 358 1654 408 1688; x_wconf 91' lang='lat' dir='ltr'><em>tu</em></span> <span class='ocrx_word' id='word_1_188' title='bbox 429 1678 444 1701; x_wconf 87' lang='lat'><strong><em>‚</em></strong></span> <span class='ocrx_word' id='word_1_189' title='bbox 476 1641 531 1688; x_wconf 87' lang='lat' dir='ltr'><em>a&#39;e</em></span> <span class='ocrx_word' id='word_1_190' title='bbox 563 1641 735 1706; x_wconf 82' lang='lat' dir='ltr'><em>integro</em></span> <span class='ocrx_word' id='word_1_191' title='bbox 767 1640 989 1696; x_wconf 77' lang='lat' dir='ltr'><em>condere,</em></span> <span class='ocrx_word' id='word_1_192' title='bbox 1030 1651 1081 1684; x_wconf 83' lang='lat' dir='ltr'><em>ut</em></span> <span class='ocrx_word' id='word_1_193' title='bbox 1127 1634 1346 1683; x_wconf 87' lang='lat' dir='ltr'><em>Seleucus</em></span> <span class='ocrx_word' id='word_1_194' title='bbox 1371 1634 1507 1698; x_wconf 89' lang='lat' dir='ltr'><em>filius</em></span> <span class='ocrx_word' id='word_1_195' title='bbox 1545 1648 1654 1699; x_wconf 58' lang='lat' dir='ltr'><em>eam.</em></span> 
     </span>
     <span class='ocr_line' id='line_1_27' title="bbox 352 1708 868 1775; baseline -0.006 -18"><span class='ocrx_word' id='word_1_196' title='bbox 352 1709 505 1774; x_wconf 74' lang='lat' dir='ltr'><em>fidem</em></span> <span class='ocrx_word' id='word_1_197' title='bbox 534 1709 656 1775; x_wconf 79' lang='lat' dir='ltr'><em>regni</em></span> <span class='ocrx_word' id='word_1_198' title='bbox 685 1708 868 1755; x_wconf 76' lang='lat' dir='ltr'><em>habeat.</em></span> 
     </span>
     <span class='ocr_line' id='line_1_28' title="bbox 163 1767 1656 1840; baseline -0.007 -11"><span class='ocrx_word' id='word_1_199' title='bbox 163 1788 224 1830; x_wconf 88' lang='lat' dir='ltr'><em>Re</em></span> <span class='ocrx_word' id='word_1_200' title='bbox 250 1784 354 1839; x_wconf 80' lang='lat' dir='ltr'><em>infe-</em></span> <span class='ocrx_word' id='word_1_201' title='bbox 428 1775 558 1825; x_wconf 89' lang='lat' dir='ltr'><strong>XLI.</strong></span> <span class='ocrx_word' id='word_1_202' title='bbox 605 1775 695 1824; x_wconf 82' lang='lat' dir='ltr'><em>His</em></span> <span class='ocrx_word' id='word_1_203' title='bbox 744 1771 1169 1840; x_wconf 67' lang='lat' dir='ltr'><em>disceptationibus</em></span> <span class='ocrx_word' id='word_1_204' title='bbox 1207 1786 1294 1836; x_wconf 87' lang='lat' dir='ltr'><em>per</em></span> <span class='ocrx_word' id='word_1_205' title='bbox 1327 1767 1428 1817; x_wconf 89' lang='lat' dir='ltr'><em>dies</em></span> <span class='ocrx_word' id='word_1_206' title='bbox 1461 1767 1656 1835; x_wconf 81' lang='lat' dir='ltr'><em>aliquot¹</em></span> 
     </span>
     <span class='ocr_line' id='line_1_29' title="bbox 161 1835 1655 1904; baseline -0.004 -14"><span class='ocrx_word' id='word_1_207' title='bbox 161 1852 224 1890; x_wconf 71' lang='grc' dir='ltr'><em>εἰᾶ</em></span> <span class='ocrx_word' id='word_1_208' title='bbox 237 1844 567 1904; x_wconf 83' lang='lat' dir='ltr'><em>disce-habitis,</em></span> <span class='ocrx_word' id='word_1_209' title='bbox 605 1861 768 1892; x_wconf 87' lang='lat' dir='ltr'><em>rumor</em></span> <span class='ocrx_word' id='word_1_210' title='bbox 800 1843 898 1892; x_wconf 88' lang='lat' dir='ltr'><em>fine</em></span> <span class='ocrx_word' id='word_1_211' title='bbox 920 1841 1020 1890; x_wconf 88' lang='lat' dir='ltr'><em>ullo</em></span> <span class='ocrx_word' id='word_1_212' title='bbox 1050 1841 1157 1889; x_wconf 85' lang='lat' dir='ltr'><em>satis</em></span> <span class='ocrx_word' id='word_1_213' title='bbox 1189 1853 1323 1888; x_wconf 86' lang='lat' dir='ltr'><em>certo</em></span> <span class='ocrx_word' id='word_1_214' title='bbox 1346 1835 1549 1886; x_wconf 62' lang='lat' dir='ltr'><em>auffiore·</em></span> <span class='ocrx_word' id='word_1_215' title='bbox 1569 1835 1655 1885; x_wconf 84' lang='lat' dir='ltr'><em>al·-</em></span> 
     </span>
     <span class='ocr_line' id='line_1_30' title="bbox 159 1905 1638 1976; baseline -0.008 -11"><span class='ocrx_word' id='word_1_216' title='bbox 159 1914 285 1957; x_wconf 70' lang='lat' dir='ltr'><em>ditur.</em></span> <span class='ocrx_word' id='word_1_217' title='bbox 362 1914 483 1964; x_wconf 85' lang='lat' dir='ltr'><em>latus</em></span> <span class='ocrx_word' id='word_1_218' title='bbox 503 1913 563 1963; x_wconf 87' lang='lat' dir='ltr'><em>de</em></span> <span class='ocrx_word' id='word_1_219' title='bbox 583 1926 743 1964; x_wconf 87' lang='lat' dir='ltr'><em>morte</em></span> <span class='ocrx_word' id='word_1_220' title='bbox 762 1910 1012 1962; x_wconf 82' lang='lat' dir='ltr'><em>Ptolemaei</em></span> <span class='ocrx_word' id='word_1_221' title='bbox 1040 1910 1168 1976; x_wconf 82' lang='lat' dir='ltr'><em>regis</em></span> <span class='ocrx_word' id='word_1_222' title='bbox 1186 1946 1205 1970; x_wconf 84' lang='lat'>,</span> <span class='ocrx_word' id='word_1_223' title='bbox 1242 1923 1264 1955; x_wconf 85' lang='lat'>1</span> <span class='ocrx_word' id='word_1_224' title='bbox 1293 1922 1344 1955; x_wconf 88' lang='lat' dir='ltr'><em>ut</em></span> <span class='ocrx_word' id='word_1_225' title='bbox 1362 1906 1518 1954; x_wconf 87' lang='lat' dir='ltr'><em>nullus</em></span> <span class='ocrx_word' id='word_1_226' title='bbox 1538 1905 1638 1964; x_wconf 74' lang='lat' dir='ltr'><em>exi-⁴</em></span> 
     </span>
    </p>
   </div>
   <div class='ocr_carea' id='block_1_3' title="bbox 356 2047 1657 2360">
    <p class='ocr_par' dir='ltr' id='par_1_5' title="bbox 356 2047 1657 2360">
     <span class='ocr_line' id='line_1_31' title="bbox 428 2047 1657 2113; baseline -0.006 -13"><span class='ocrx_word' id='word_1_227' title='bbox 428 2072 446 2111; x_wconf 87' lang='lat'><em>5</em></span> <span class='ocrx_word' id='word_1_228' title='bbox 469 2060 550 2100; x_wconf 82' lang='lat' dir='ltr'><em>Sed</em></span> <span class='ocrx_word' id='word_1_229' title='bbox 563 2072 605 2100; x_wconf 83' lang='lat' dir='ltr'><em>ut</em></span> <span class='ocrx_word' id='word_1_230' title='bbox 619 2056 853 2113; x_wconf 80' lang='lat' dir='ltr'><em>Chersonesi.</em></span> <span class='ocrx_word' id='word_1_231' title='bbox 868 2058 883 2110; x_wconf 89' lang='lat'>]</span> <span class='ocrx_word' id='word_1_232' title='bbox 899 2058 966 2100; x_wconf 80' lang='lat' dir='ltr'><em>Sic</em></span> <span class='ocrx_word' id='word_1_233' title='bbox 1094 2054 1119 2096; x_wconf 85' lang='lat'>8</span> <span class='ocrx_word' id='word_1_234' title='bbox 1141 2051 1431 2110; x_wconf 82' lang='lat' dir='ltr'><em>Usurpando.]</em></span> <span class='ocrx_word' id='word_1_235' title='bbox 1455 2050 1543 2101; x_wconf 75' lang='lat' dir='ltr'><em>Pro¹</em></span> <span class='ocrx_word' id='word_1_236' title='bbox 1562 2047 1657 2093; x_wconf 69' lang='lat' dir='ltr'><em>suis·</em></span> 
     </span>
     <span class='ocr_line' id='line_1_32' title="bbox 356 2119 1645 2176; baseline -0.008 -12"><span class='ocrx_word' id='word_1_237' title='bbox 356 2122 587 2176; x_wconf 76' lang='lat' dir='ltr'><em>supplemus</em></span> <span class='ocrx_word' id='word_1_238' title='bbox 624 2137 675 2162; x_wconf 85' lang='lat' dir='ltr'><em>ex</em></span> <span class='ocrx_word' id='word_1_239' title='bbox 709 2122 881 2176; x_wconf 83' lang='lat' dir='ltr'><em>Polybio</em></span> <span class='ocrx_word' id='word_1_240' title='bbox 919 2134 967 2160; x_wconf 83' lang='lat' dir='ltr'><em>ea</em></span> <span class='ocrx_word' id='word_1_241' title='bbox 1030 2119 1230 2158; x_wconf 85' lang='lat' dir='ltr'><em>tenendo.</em></span> <span class='ocrx_word' id='word_1_242' title='bbox 1598 2138 1601 2139; x_wconf 30' lang='grc' dir='ltr'><em>ν</em></span> <span class='ocrx_word' id='word_1_243' title='bbox 1643 2125 1645 2128; x_wconf 85' lang='grc'><em>·</em></span> 
     </span>
     <span class='ocr_line' id='line_1_33' title="bbox 359 2171 1632 2239; baseline -0.008 -15"><span class='ocrx_word' id='word_1_244' title='bbox 359 2199 450 2239; x_wconf 80' lang='lat' dir='ltr'><em>quae</em></span> <span class='ocrx_word' id='word_1_245' title='bbox 475 2183 539 2224; x_wconf 74' lang='lat' dir='ltr'><em>hic</em></span> <span class='ocrx_word' id='word_1_246' title='bbox 574 2184 613 2224; x_wconf 86' lang='lat' dir='ltr'><em>in</em></span> <span class='ocrx_word' id='word_1_247' title='bbox 632 2183 751 2224; x_wconf 87' lang='lat' dir='ltr'><em>Livio</em></span> <span class='ocrx_word' id='word_1_248' title='bbox 783 2184 966 2223; x_wconf 75' lang='lat' dir='ltr'><em>deerant.</em></span> <span class='ocrx_word' id='word_1_249' title='bbox 1092 2191 1118 2232; x_wconf 93' lang='lat'>9</span> <span class='ocrx_word' id='word_1_250' title='bbox 1131 2179 1201 2219; x_wconf 78' lang='lat' dir='ltr'><em>Ad</em></span> <span class='ocrx_word' id='word_1_251' title='bbox 1216 2193 1261 2218; x_wconf 83' lang='lat' dir='ltr'><em>ea</em></span> <span class='ocrx_word' id='word_1_252' title='bbox 1272 2176 1462 2230; x_wconf 85' lang='lat' dir='ltr'><em>facienda</em></span> <span class='ocrx_word' id='word_1_253' title='bbox 1479 2176 1518 2216; x_wconf 88' lang='lat' dir='ltr'><em>in</em></span> <span class='ocrx_word' id='word_1_254' title='bbox 1534 2171 1632 2223; x_wconf 55' lang='lat' dir='ltr'><em>anti,</em></span> 
     </span>
     <span class='ocr_line' id='line_1_34' title="bbox 358 2239 1631 2296; baseline -0.009 -10"><span class='ocrx_word' id='word_1_255' title='bbox 358 2246 429 2287; x_wconf 89' lang='lat' dir='ltr'><em>De</em></span> <span class='ocrx_word' id='word_1_256' title='bbox 463 2247 573 2285; x_wconf 83' lang='lat' dir='ltr'><em>bello</em></span> <span class='ocrx_word' id='word_1_257' title='bbox 609 2246 716 2286; x_wconf 86' lang='lat' dir='ltr'><em>inter</em></span> <span class='ocrx_word' id='word_1_258' title='bbox 748 2246 965 2285; x_wconf 84' lang='lat' dir='ltr'><em>Seleucum</em></span> <span class='ocrx_word' id='word_1_259' title='bbox 1031 2257 1154 2296; x_wconf 83' lang='lat' dir='ltr'><em>quum.</em></span> <span class='ocrx_word' id='word_1_260' title='bbox 1171 2244 1192 2295; x_wconf 79' lang='lat'><em>]</em></span> <span class='ocrx_word' id='word_1_261' title='bbox 1212 2240 1334 2281; x_wconf 86' lang='lat' dir='ltr'><em>Mens</em></span> <span class='ocrx_word' id='word_1_262' title='bbox 1354 2239 1454 2278; x_wconf 86' lang='lat' dir='ltr'>Livii</span> <span class='ocrx_word' id='word_1_263' title='bbox 1470 2246 1631 2291; x_wconf 75' lang='lat' dir='ltr'><em>aperta,</em></span> 
     </span>
     <span class='ocr_line' id='line_1_35' title="bbox 359 2299 1632 2360; baseline -0.009 -11"><span class='ocrx_word' id='word_1_264' title='bbox 359 2307 405 2349; x_wconf 74' lang='grc' dir='ltr'><em>δε</em></span> <span class='ocrx_word' id='word_1_265' title='bbox 420 2306 694 2360; x_wconf 80' lang='lat' dir='ltr'><em>Lyfimachum</em></span> <span class='ocrx_word' id='word_1_266' title='bbox 711 2307 803 2347; x_wconf 88' lang='lat' dir='ltr'><em>vide</em></span> <span class='ocrx_word' id='word_1_267' title='bbox 824 2305 964 2349; x_wconf 80' lang='lat' dir='ltr'><em>Justin.</em></span> <span class='ocrx_word' id='word_1_268' title='bbox 1030 2305 1155 2343; x_wconf 79' lang='lat' dir='ltr'><em>verba</em></span> <span class='ocrx_word' id='word_1_269' title='bbox 1172 2303 1312 2342; x_wconf 69' lang='lat' dir='ltr'><em>vitiata</em></span> <span class='ocrx_word' id='word_1_270' title='bbox 1330 2301 1429 2340; x_wconf 87' lang='lat' dir='ltr'>sunt.</span> <span class='ocrx_word' id='word_1_271' title='bbox 1447 2299 1545 2353; x_wconf 79' lang='lat' dir='ltr'><em>Legi</em></span> <span class='ocrx_word' id='word_1_272' title='bbox 1560 2311 1632 2352; x_wconf 88' lang='lat' dir='ltr'><em>po·</em></span> 
     </span>
    </p>
   </div>
   <div class='ocr_carea' id='block_1_4' title="bbox 354 2362 1630 2595">
    <p class='ocr_par' dir='ltr' id='par_1_6' title="bbox 356 2362 1630 2482">
     <span class='ocr_line' id='line_1_36' title="bbox 356 2362 1630 2417; baseline -0.01 -6"><span class='ocrx_word' id='word_1_273' title='bbox 356 2370 429 2411; x_wconf 85' lang='lat' dir='ltr'><em>lib.</em></span> <span class='ocrx_word' id='word_1_274' title='bbox 451 2369 576 2410; x_wconf 84' lang='lat' dir='ltr'>XVII</span> <span class='ocrx_word' id='word_1_275' title='bbox 593 2396 604 2416; x_wconf 92' lang='lat'>,</span> <span class='ocrx_word' id='word_1_276' title='bbox 626 2383 664 2411; x_wconf 78' lang='lat' dir='ltr'><em>c,</em></span> <span class='ocrx_word' id='word_1_277' title='bbox 693 2381 729 2408; x_wconf 84' lang='lat'><em>1.</em></span> <span class='ocrx_word' id='word_1_278' title='bbox 1029 2366 1102 2406; x_wconf 85' lang='lat' dir='ltr'><em>test</em></span> <span class='ocrx_word' id='word_1_279' title='bbox 1124 2366 1177 2404; x_wconf 83' lang='lat' dir='ltr'><em>ad</em></span> <span class='ocrx_word' id='word_1_280' title='bbox 1198 2378 1242 2403; x_wconf 89' lang='lat' dir='ltr'><em>ea</em></span> <span class='ocrx_word' id='word_1_281' title='bbox 1270 2362 1480 2417; x_wconf 81' lang='lat' dir='ltr'><em>redigenda</em></span> <span class='ocrx_word' id='word_1_282' title='bbox 1500 2362 1540 2400; x_wconf 89' lang='lat' dir='ltr'><em>in</em></span> <span class='ocrx_word' id='word_1_283' title='bbox 1565 2370 1630 2399; x_wconf 78' lang='lat' dir='ltr'><em>dn·</em></span> 
     </span>
     <span class='ocr_line' id='line_1_37' title="bbox 419 2423 1571 2482; baseline -0.01 -11"><span class='ocrx_word' id='word_1_284' title='bbox 419 2430 447 2472; x_wconf 87' lang='lat'>6</span> <span class='ocrx_word' id='word_1_285' title='bbox 482 2430 627 2471; x_wconf 82' lang='lat' dir='ltr'><em>Rerum</em></span> <span class='ocrx_word' id='word_1_286' title='bbox 664 2430 830 2469; x_wconf 88' lang='lat' dir='ltr'><em>aliarum</em></span> <span class='ocrx_word' id='word_1_287' title='bbox 882 2429 968 2468; x_wconf 66' lang='lat' dir='ltr'><em>alid</em></span> <span class='ocrx_word' id='word_1_288' title='bbox 1029 2429 1173 2482; x_wconf 82' lang='lat' dir='ltr'><em>tiquum</em></span> <span class='ocrx_word' id='word_1_289' title='bbox 1195 2425 1289 2478; x_wconf 79' lang='lat' dir='ltr'><em>jus,</em></span> <span class='ocrx_word' id='word_1_290' title='bbox 1311 2423 1389 2463; x_wconf 84' lang='lat' dir='ltr'><em>five</em></span> <span class='ocrx_word' id='word_1_291' title='bbox 1411 2424 1571 2474; x_wconf 76' lang='lat' dir='ltr'><em>statum.</em></span> 
     </span>
    </p>

    <p class='ocr_par' dir='ltr' id='par_1_7' title="bbox 357 2483 1626 2543">
     <span class='ocr_line' id='line_1_38' title="bbox 357 2483 1626 2543; baseline -0.009 -10"><span class='ocrx_word' id='word_1_292' title='bbox 357 2493 468 2533; x_wconf 60' lang='lat' dir='ltr'><em>cura.</em></span> <span class='ocrx_word' id='word_1_293' title='bbox 498 2493 513 2543; x_wconf 92' lang='lat'>]</span> <span class='ocrx_word' id='word_1_294' title='bbox 562 2492 783 2532; x_wconf 74' lang='lat' dir='ltr'><em>Mallemus</em></span> <span class='ocrx_word' id='word_1_295' title='bbox 841 2505 967 2531; x_wconf 80' lang='lat' dir='ltr'><em>rerum</em></span> <span class='ocrx_word' id='word_1_296' title='bbox 1097 2501 1111 2528; x_wconf 85' lang='lat'><em>1</em></span> <span class='ocrx_word' id='word_1_297' title='bbox 1136 2486 1191 2527; x_wconf 78' lang='lat' dir='ltr'><em>Ue</em></span> <span class='ocrx_word' id='word_1_298' title='bbox 1211 2486 1341 2526; x_wconf 83' lang='lat' dir='ltr'><em>nullus</em></span> <span class='ocrx_word' id='word_1_299' title='bbox 1360 2486 1530 2538; x_wconf 80' lang='lat' dir='ltr'><em>exitus.]</em></span> <span class='ocrx_word' id='word_1_300' title='bbox 1549 2483 1626 2522; x_wconf 83' lang='lat' dir='ltr'><em>An-</em></span> 
     </span>
    </p>

    <p class='ocr_par' dir='ltr' id='par_1_8' title="bbox 354 2544 1626 2595">
     <span class='ocr_line' id='line_1_39' title="bbox 354 2544 1626 2595; baseline -0.008 0"><span class='ocrx_word' id='word_1_301' title='bbox 354 2555 523 2595; x_wconf 88' lang='lat' dir='ltr'><em>aliarum</em></span> <span class='ocrx_word' id='word_1_302' title='bbox 548 2568 598 2594; x_wconf 75' lang='lat' dir='ltr'><em>ex</em></span> <span class='ocrx_word' id='word_1_303' title='bbox 625 2553 716 2593; x_wconf 79' lang='lat' dir='ltr'><em>aliis</em></span> <span class='ocrx_word' id='word_1_304' title='bbox 744 2553 853 2593; x_wconf 70' lang='lat' dir='ltr'><em>curci.</em></span> <span class='ocrx_word' id='word_1_305' title='bbox 1024 2561 1066 2591; x_wconf 87' lang='lat' dir='ltr'><em>te</em></span> <span class='ocrx_word' id='word_1_306' title='bbox 1097 2550 1168 2589; x_wconf 80' lang='lat' dir='ltr'><em>has</em></span> <span class='ocrx_word' id='word_1_307' title='bbox 1200 2562 1327 2591; x_wconf 84' lang='lat' dir='ltr'><em>voces</em></span> <span class='ocrx_word' id='word_1_308' title='bbox 1360 2546 1511 2594; x_wconf 66' lang='lat' dir='ltr'><em>excidit</em></span> <span class='ocrx_word' id='word_1_309' title='bbox 1533 2544 1626 2592; x_wconf 51' lang='grc' dir='ltr'><em>νέω</em></span> 
     </span>
    </p>
   </div>
   <div class='ocr_carea' id='block_1_5' title="bbox 416 2602 1267 2673">
    <p class='ocr_par' dir='ltr' id='par_1_9' title="bbox 416 2602 1267 2673">
     <span class='ocr_line' id='line_1_40' title="bbox 416 2602 1267 2673; baseline -0.006 -18"><span class='ocrx_word' id='word_1_310' title='bbox 416 2630 442 2668; x_wconf 82' lang='grc'><strong>7</strong></span> <span class='ocrx_word' id='word_1_311' title='bbox 462 2615 648 2673; x_wconf 70' lang='lat' dir='ltr'><em>Quaedam</em></span> <span class='ocrx_word' id='word_1_312' title='bbox 662 2628 709 2654; x_wconf 87' lang='lat' dir='ltr'><em>ex</em></span> <span class='ocrx_word' id='word_1_313' title='bbox 721 2615 794 2653; x_wconf 75' lang='lat' dir='ltr'><em>his.</em></span> <span class='ocrx_word' id='word_1_314' title='bbox 811 2618 824 2665; x_wconf 62' lang='lat'>1</span> <span class='ocrx_word' id='word_1_315' title='bbox 841 2615 962 2656; x_wconf 87' lang='lat' dir='ltr'><em>Nem·</em></span> <span class='ocrx_word' id='word_1_316' title='bbox 1023 2614 1117 2654; x_wconf 88' lang='lat' dir='ltr'><em>bum</em></span> <span class='ocrx_word' id='word_1_317' title='bbox 1139 2602 1267 2666; x_wconf 68' lang='lat' dir='ltr'><em>ficit.</em></span> 
     </span>
    </p>
   </div>
   <div class='ocr_carea' id='block_1_6' title="bbox 354 2675 1626 2784">
    <p class='ocr_par' dir='ltr' id='par_1_10' title="bbox 354 2675 1626 2784">
     <span class='ocr_line' id='line_1_41' title="bbox 354 2675 842 2736; baseline -0.012 -14"><span class='ocrx_word' id='word_1_318' title='bbox 354 2690 408 2736; x_wconf 81' lang='lat' dir='ltr'><em>pe</em></span> <span class='ocrx_word' id='word_1_319' title='bbox 429 2705 442 2728; x_wconf 86' lang='lat'>,</span> <span class='ocrx_word' id='word_1_320' title='bbox 461 2675 699 2720; x_wconf 76' lang='lat' dir='ltr'><em>chersonefi</em></span> <span class='ocrx_word' id='word_1_321' title='bbox 723 2675 842 2720; x_wconf 75' lang='lat' dir='ltr'><em>locis.</em></span> 
     </span>
     <span class='ocr_line' id='line_1_42' title="bbox 1550 2738 1626 2784; baseline -0.039 -8"><span class='ocrx_word' id='word_1_322' title='bbox 1550 2738 1626 2784; x_wconf 59' lang='lat' dir='ltr'><em>tus</em></span> 
     </span>
    </p>
   </div>
  </div>
 </body>
</html>
