1680 3052
357 123 471 185 218
640 124 915 184 T1T1
1000 123 1339 182 LIVII

146 227 236 271 Ue
246 240 336 283 557
349 222 483 256 textae
513 206 730 258 habendae
760 204 846 271 jus
874 207 1219 273 permittemus,·
1254 222 1333 254 nec
1368 207 1420 255 id
1456 219 1506 254 ut
1533 204 1633 258 vivi

189 284 314 341 §.195
325 275 491 341 fidum
521 276 721 324 habeant
752 290 931 324 tantum
963 275 1163 340 insigne,
1192 273 1282 338 sed
1302 275 1436 322 etiam
1463 289 1513 322 ut
1534 292 1632 324 cum

350 361 403 395 eo
443 359 690 393 crementur
712 345 878 392 mortui
910 361 926 393 .·
945 340 1138 407 feminis
1159 343 1392 391 duntaxat
1420 360 1631 408 purpura:

349 410 480 477 usum
496 412 859 461 interdicemus?
883 411 962 469 6¹,
983 428 1118 475 quum
1141 411 1224 458 tibi
1247 411 1346 459 viro
1365 411 1505 458 liceat
1513 428 1634 475 pur-

342 498 465 547 pura
498 481 548 529 in
578 482 689 534 vesle
699 478 906 546 stragula
940 481 1048 538 uti,
1077 493 1262 526 matrem
1273 476 1472 542 fizmzltae
1506 493 1631 529 tuam

339 566 619 615 purpureum
649 549 897 595 amiculum
931 547 1091 595 lzabere
1121 565 1212 596 non
1224 548 1273 612 s
1271 565 1374 596 nes
1370 548 1392 581 Ρ
1424 548 1468 595 6»
1493 564 1634 611 equus

345 631 455 665 tuus
472 616 721 682 speciosus
748 616 961 683 instratus
988 616 1072 663 erit
1087 616 1261 680 ‚qua'm
1292 632 1410 663 uxor
1432 615 1616 688 vestita.
1607 615 1632 655 ἓ

345 686 443 734 Sed
475 687 524 733 in
560 702 803 750 purpura,
840 701 936 750 quae
969 684 1159 743 teritur,
1192 682 1471 748 absumitur,
1511 684 1635 749 inju-

333 753 454 817 stam
485 754 699 818 quidem,
724 749 813 818 sed
838 753 1040 817 aliquam
1064 767 1214 800 tamen
1247 751 1431 817 causam
1453 752 1636 801 tenaci-

345 821 459 868 tatis
492 822 671 871 video:
701 822 750 869 in
783 839 894 875 auro
928 820 1031 869 vero
1054 857 1068 880 ‚
1107 822 1155 869 in
1184 838 1272 884 quo
1291 836 1454 886 praeter
1478 835 1506 867 2
1533 837 1637 867 rna-

343 888 432 937 mis
455 905 652 954 pretium
683 890 805 938 nilzil
835 889 1150 937 intertrimenti
1168 890 1257 953 fit,
1291 906 1388 953 quae
1420 888 1633 954 maligni.-

343 971 420 1005 tas
449 959 550 1024 est?
578 959 844 1022 Praefidium
877 956 1035 1023 potius
1067 956 1116 1005 in
1151 975 1200 1005 eo
1231 957 1287 1023 est
1309 958 1353 1005 ὅ*
1389 959 1454 1004 ad
1478 957 1634 1022 publi-.-

342 1042 455 1083 cos,
477 1025 522 1074 δ’
548 1027 616 1073 ad
630 1027 843 1092 privatos
867 1024 975 1090 usus
995 1026 1156 1091 scuti
1175 1026 1350 1091 experti
1373 1027 1485 1092 estis.
1501 1025 1634 1073 Nul-

340 1092 438 1141 lam
462 1094 825 1143 cumulationem
809 1108 926 1142 inter
929 1093 981 1158 [ὲ
989 1095 1090 1160 s
1036 1093 1275 1142 naularum
1285 1130 1304 1152 ,
1321 1095 1504 1160 quando
1527 1093 1633 1144 nul·

339 1161 393 1209 Ia
422 1161 638 1222 haberet,
679 1160 759 1226 effe
801 1157 975 1211 alebat.
1010 1165 1114 1222 At,
1145 1161 1378 1223 Hercule,
1409 1162 1632 1226 univerfis

340 1230 475 1280 dolor
494 1230 539 1280 δ’
572 1230 827 1298 indignatio
850 1233 935 1298 est,
957 1248 1091 1296 quum
1103 1231 1330 1295 sociorum
1359 1198 1523 1279 latini
1541 1249 1630 1280 no.-

340 1300 478 1347 minis
497 1300 719 1348 uxoribus
736 1300 891 1349 vident
914 1318 967 1346 ea
993 1297 1193 1363 conceffa
1218 1314 1514 1359 ornamenta,
1529 1314 1629 1364 quae

329 1367 421 1432 fibi
451 1369 665 1434 adempta
683 1370 824 1433 sint:
853 1385 985 1433 quum
1011 1369 1201 1435 insignes
1233 1387 1313 1416 eas
1337 1365 1418 1431 effi?
1445 1386 1558 1416 auro
1581 1367 1628 1415 ὅ·

333 1453 415 1502 pu·
409 1435 578 1501 puni,
603 1454 738 1502 quum
764 1436 878 1484 illas
902 1437 1005 1485 vehi
1038 1455 1122 1503 per
1153 1436 1340 1493 urbem,
1360 1436 1411 1501 ft
1429 1435 1629 1501 pedibus

329 1503 495 1570 sequi,
535 1519 751 1569 tanquam
796 1505 845 1553 in
893 1505 1081 1553 illarum
1125 1473 1425 1561 civitatib’us,
1453 1522 1543 1553 non
1577 1505 1628 1557 ιἰι

327 1571 451 1637 fita,
486 1574 718 1639 imperium
743 1574 821 1638 fit.
851 1573 1060 1623 Virorum
1091 1574 1174 1621 lzoc
1202 1573 1380 1620 animos
1410 1573 1629 1621 vulnera-

337 1659 384 1689 re
397 1639 575 1706 poffit:
597 1643 711 1707 quid
728 1641 1096 1690 muliercularum
1115 1641 1334 1706 censetis,
1356 1658 1472 1706 quas
1491 1642 1628 1697 etiam

333 1727 490 1776 parva
511 1711 732 1759 movent?
763 1712 877 1758 Νοιι
896 1712 1209 1777 magistratus,
1241 1727 1320 1758 nec
1330 1710 1594 1774 sacerdotia
1605 1744 1628 1768 ,

337 1795 419 1826 nec
457 1778 707 1844 triumphi,
733 1796 813 1826 nec
846 1779 1076 1845 infignza‚
1105 1795 1186 1826 nec
1221 1770 1375 1836 dona,
1418 1776 1630 1843 autspo-

335 1847 406 1895 lla
439 1845 607 1895 bellica
636 1847 707 1895 his
748 1861 1000 1914 contingere
1033 1844 1229 1912 poffitnt.
1263 1847 1546 1905 Μιιιιιίιιιῖιε,
1580 1845 1627 1894 6·

337 1930 564 1975 ornatus,
600 1914 645 1963 δ’
661 1916 845 1972 cultus,
874 1913 1252 1980 lzaecfemznarum
1275 1913 1629 1981 infigniasunt:

337 1982 411 2034 his
439 1985 645 2052 gaudent
679 1983 725 2032 δ’
757 1985 1052 2051 gloriantur:
1077 1997 1100 2050 3
1133 1984 1248 2031 lzunc
1272 1983 1485 2031 mundum
1521 1999 1627 2033 mu-

334 2120 519 2176 Magistri
547 2122 730 2163 vicorum
750 2151 763 2169 ‚
790 2122 856 2163 seu
884 2122 949 2164 vi·
1013 2122 1055 2162 la
1071 2120 1176 2161 main
1194 2123 1377 2162 d’oeuvre.

334 2197 476 2225 corum
498 2184 678 2240 Magistri
698 2185 949 2237 curationem
1076 2196 1096 2236 3
1126 2183 1245 2224 Hunc
1274 2183 1452 2224 mundum
1482 2181 1625 2226 mulie-i

335 2244 520 2287 vicorum
538 2247 738 2288 habebant
756 2276 769 2293 ,
789 2261 811 2287 e
830 2248 948 2300 plebe
1013 2244 1115 2286 brem
1159 2245 1414 2303 appellarunt
1455 2245 1622 2299 majores

336 2307 531 2363 cujusque
565 2308 721 2349 viciniae
757 2309 949 2350 ele&i.1i
1011 2308 1185 2359 nostri-J
1224 2309 1324 2348 Haec
1363 2307 1416 2346 ita
1455 2306 1620 2361 propria

332 2369 454 2411 ludos
495 2369 798 2425 Compitalitios
838 2385 945 2425 prae-
1009 2369 1098 2410 sunt
1129 2370 1367 2414 mulierum,
1405 2379 1450 2409 ut
1483 2370 1531 2408 ab
1571 2367 1619 2413 iis

333 2432 480 2477 textati
512 2431 730 2475 faciebant.
1009 2445 1157 2473 nomen
1191 2431 1294 2485 apud
1329 2429 1504 2484 majores
1541 2443 1620 2472 non

395 2493 584 2536 2Manus
611 2495 793 2549 pretium.
798 2494 814 2547 ]
833 2494 944 2535 Mer·
1005 2494 1104 2535 stros
1132 2493 1401 2546 acceperint,
1430 2492 1472 2533 δι
1491 2505 1617 2532 voca·-

332 2556 476 2597 cedem
497 2569 571 2609 pro
593 2557 734 2597 labore
756 2558 797 2598 ὅ(
818 2572 944 2610 opera
1004 2557 1102 2596 bulo
1134 2555 1266 2595 mundi
1307 2553 1504 2599 muliebris
1527 2553 1619 2610 fue-

331 2616 484 2658 aurifici
520 2617 688 2658 solutam
719 2631 732 2659 ι
760 2619 799 2658 id
835 2619 943 2673 quod
1004 2618 1085 2661 rint
1106 2616 1325 2689 designata,

331 2677 495 2729 Gallici}
525 2679 691 2728 dicimus
722 2680 764 2721 la
781 2679 939 2746 jason,
