1680 3052
265 156 313 215 L
355 173 377 214 1
421 169 455 212 Β
500 169 536 212 E
578 171 620 213 R
699 148 1061 212 XXXIV.
1190 168 1301 233 235

36 228 175 305 ‘iligna
214 237 352 302 causti
392 237 499 286 belli
531 234 726 301 fuerint.
758 237 1002 284 Hodierna
1036 232 1308 298 consultatio
1323 250 1511 301 U,c‚557,

43 321 136 356 tota
157 324 214 354 ex
233 306 362 355 vobis
390 306 570 371 pendet.
592 301 755 368 Refero
791 305 905 351 enim
933 304 997 349 ad
1029 320 1111 350 vos
1130 337 1144 359 ,
1165 302 1310 349 utrum
1323 306 1516 359 a.C.195s

41 376 193 438 Argos
225 411 243 430 ‚
271 375 389 437 ficut
419 372 552 438 scitis
590 373 676 437 ipsi
701 408 718 429 ,
755 372 813 418 ab
843 370 1030 419 Nabide
1063 385 1312 433 occupatos

35 442 135 507 pati
161 442 314 490 velitis
333 440 418 502 fich
449 441 618 488 ditione
650 437 750 502 ejus
781 435 860 501 effi
878 456 897 496 ;
916 455 976 484 an
1007 452 1179 500 aequum
1200 453 1310 484 cen-

36 507 169 568 (batis
198 508 507 571 nobilffnzam
535 506 944 570 vetufltffi‘mamque
968 505 1197 551 civitatem
1217 539 1235 560 ,
1258 505 1308 552 in

25 576 183 626 media
220 576 402 624 Graecia
435 577 572 640 fitam
600 611 619 632 ,
653 574 792 640 repeti
839 575 889 621 in
926 572 1175 619 libertatem
1204 607 1220 629 ‚
1261 572 1309 621 6·

31 644 182 692 eodem
209 645 335 709 statu
361 680 379 701 ,
417 661 504 709 quo
538 657 707 690 ceteras
748 641 876 689 urbes
914 638 1219 705 Peloponnesi
1259 639 1306 689 6·

30 710 221 762 ›Graciae
244 747 260 771 ,
294 709 391 775 effe.
414 712 526 758 Haec
561 709 834 774 consultatio
855 745 870 769 ,
901 723 951 755 ut
978 708 1146 758 videtis
1164 745 1182 765 ,
1210 720 1309 755 tota

27 779 87 828 vde
116 796 161 827 re
186 780 434 844 pertinente
461 779 528 825 ad
555 795 638 826 vos
661 778 716 842 est
736 794 758 834 ,-
784 779 1019 824 Romanos
1049 775 1171 823 nihil
1195 791 1307 823 con-

31 847 163 913 tingit
183 883 201 906 ‚
228 848 315 911 nist
342 860 564 911 quatenus
593 846 791 894 liberatae
817 844 1008 893 Gtaeciae
1033 880 1047 904 ‚
1073 843 1211 890 unius
1238 844 1308 890 ci-

29 915 189 964 vitatis
211 914 410 978 servitus
429 950 446 973 ,
472 931 561 962 non
595 914 781 978 plenam
798 949 816 970 ‚
843 929 924 959 nec
952 913 1169 977 integram
1196 912 1307 977 glo-

28 981 142 1031 riam
161 980 240 1045 effi
256 983 386 1047 finit.
409 979 609 1030 Ceterum
635 982 782 1045 sivos
813 997 893 1027 nec
922 996 1029 1026 cura
1060 977 1158 1043 ejus
1191 979 1308 1028 civi-

29 1051 138 1099 tatis
159 1085 175 1110 ‚
207 1067 287 1098 nec
316 1050 565 1114 exemplum
590 1087 603 1108 ,
635 1066 714 1095 nec
743 1048 998 1113 periculum
1035 1060 1182 1094 movet
1205 1083 1218 1106 ,
1248 1065 1309 1096 ne¹

18 1117 176 1183 serpat
210 1117 354 1165 latius
381 1118 587 1182 contagio
618 1113 718 1179 ejus
752 1116 864 1162 muli
880 1133 901 1172 ,·
921 1133 1004 1163 nos
1032 1115 1146 1179 oequi
1175 1115 1306 1163 boni·

29 1203 111 1251 que
132 1183 352 1249 fizcimus.
367 1187 447 1233 De
475 1186 562 1232 hac
588 1202 631 1231 re
655 1202 737 1234 vos
757 1182 941 1247 consulo
962 1219 977 1243 ,
995 1182 1201 1247 statutus
1220 1201 1269 1233 eo
1284 1219 1302 1246 ,

29 1255 154 1318 quod
181 1254 337 1317 plures
363 1251 640 1318 censueritis.

95 1318 283 1370 XXIII.
298 1319 409 1370 Post
441 1321 710 1369 orationem
728 1316 942 1369 Romani
961 1319 1269 1384 imperatoris
1282 1332 1303 1380 ‚¹

21 1387 293 1453 percenseri
310 1388 513 1439 aliorum
531 1387 776 1438 sententiae
795 1400 970 1454 coeptae
988 1386 1108 1438 sunt.
1125 1387 1299 1453 Quum

21 1453 207 1522 legatus
231 1456 600 1506 Atheniensium
621 1493 638 1518 ,
659 1457 891 1523 quantum
919 1469 1111 1522 poterat
1136 1456 1300 1524 gratiis

22 1524 219 1590 agendis
236 1562 252 1585 ,
271 1523 609 1575 Romanorum
634 1526 682 1573 in
701 1523 941 1574 Graeciam
965 1525 1136 1573 merita
1161 1539 1304 1573 extu-

22 1589 140 1641 liffet
159 1630 176 1652 ‚
194 1593 469 1660 Imploratos
489 1594 721 1642 auxilium
741 1629 757 1654 ,
780 1592 1003 1642 adversus
1021 1593 1297 1659 Philippum

21 1659 168 1724 tulzffi
194 1680 320 1728 opem
343 1680 365 1721 ;
396 1681 486 1711 non
517 1678 696 1729 rogatos
719 1699 736 1720 ,
761 1678 795 1722 4
827 1662 946 1711 ultro
973 1661 1195 1709 adversus
1218 1676 1299 1726 ty-

20 1745 211 1777 rannum
233 1730 399 1779 Nabin
430 1729 583 1797 offerre
612 1730 840 1779 auxilium
873 1747 896 1788 ;
931 1727 1298 1796 indignatusque

21 1792 139 1845 esset
161 1834 176 1857 ,
206 1799 301 1846 lzaec
331 1813 467 1847 tanta
497 1800 656 1848 merita
692 1798 975 1864 sermonibus
1014 1813 1163 1846 tamen
1199 1799 1301 1847 ali·-

18 1881 206 1929 quorum
227 1868 390 1932 carpi,
411 1865 578 1930 fictura
607 1866 984 1916 calumniantium
1002 1903 1019 1925 ,
1049 1883 1183 1932 quum
1201 1865 1290 1930 fiz-

20 1933 104 1980 teri
129 1934 282 1998 potius
307 1937 632 1999 praeteritorum
653 1937 849 2001 gratiam
878 1935 1083 1983 deberent
1099 1953 1121 1994 ;
1143 1951 1296 2001 appa-

17 1999 157 2047 rebat
191 1999 351 2049 inceffi
374 2002 582 2052 AEtOIOS.
605 2001 754 2069 Igitur
772 2002 1051 2051 Alexander
1071 2004 1294 2069 princeps

18 2068 178 2133 gentis
221 2067 433 2118 inve8tus
470 2072 678 2136 primum
714 2072 764 2119 in
803 2069 1125 2120 Athenienses
1157 2108 1173 2130 ‚
1212 2072 1296 2138 qui

17 2133 252 2185 libertatis
274 2137 521 2203 quondam
545 2139 690 2189 duces
722 2139 774 2188 &
802 2138 1020 2188 au&ores
1045 2176 1060 2199 ,
1093 2136 1296 2188 assenta-

17 2202 164 2251 tionis
195 2207 404 2271 propriae
438 2207 587 2273 grati&
621 2223 933 2256 communem
959 2206 1146 2256 causam
1176 2226 1299 2274 pro-

15 2268 227 2335 derent3
249 2273 441 2340 questus
470 2274 644 2334 deinde
662 2312 678 2338 ,
698 2275 891 2327 Achaeos
908 2276 1125 2344 Philippi
1146 2294 1294 2343 quon-

75 2393 107 2433 4
127 2382 247 2426 Ultro
273 2386 457 2428 adversus
482 2400 619 2443 tyran-
678 2387 920 2445 Imploratos
940 2389 1131 2430 auxilium
1153 2391 1291 2430 adver-

14 2455 105 2486 num
141 2446 279 2488 Nabin
317 2448 459 2503 off'erre
501 2450 618 2491 auxi·
679 2452 742 2492 stis
754 2450 980 2507 Philippum
1001 2450 1128 2505 tuliffe
1145 2479 1157 2497 ‚
1177 2465 1288 2505 opem

13 2504 164 2563 lium]
196 2507 308 2561 Ejice
337 2512 511 2552 ultimam
542 2527 618 2553 vo·
677 2529 757 2555 non
782 2527 941 2570 rogatos
966 2513 1072 2553 ultro
1104 2511 1289 2553 adversus

13 2580 118 2614 cem,
134 2581 221 2621 quae
237 2570 302 2610 hic
320 2572 460 2613 odiose
474 2573 512 2614 δι
526 2574 616 2615 inu·
679 2588 886 2630 tyrannum
921 2574 1058 2616 Nabin
1105 2572 1247 2628 offerre
1267 2587 1285 2622 ι·

13 2626 140 2668 tiliter
155 2630 391 2681 inculcatur,
405 2643 616 2690 totumque
677 2633 975 2696 indignatusque
998 2633 1103 2690 effet-

11 2687 118 2733 hunc
132 2691 266 2735 locum
282 2692 332 2737 fic
349 2695 615 2756 interpunge:
