1680 3052
285 123 641 181 Lrssssn
739 119 1075 181 XXXII.
1241 138 1316 201 93

42 203 109 266 ss,
141 202 343 253 similem
379 203 614 268 impetum
647 200 1008 265 oppidanorum
1042 204 1536 274 pertinaciiisU‚c,554;

43 273 354 324 sustinuerunt
395 286 406 317 :
455 267 807 347 com-pullisque
849 270 977 316 intra
1027 273 1208 318 moenia
1248 275 1540 338 quia.C.198.

46 354 333 407 eruperant,
359 351 574 387 contenti
613 337 670 385 ea
702 334 900 385 victoria
920 374 935 396 ,
963 337 1074 404 quia
1100 336 1206 402 spes
1226 341 1333 388 nul-

46 409 94 459 la
139 408 404 457 admodum
455 404 766 471 expugnandi
810 418 912 453 erat
944 441 960 464 ‚
1003 403 1336 459 abscesserunt.

45 475 275 527 Theuma
312 473 424 522 inde
473 473 526 521 δὲ
564 472 829 522 Calathana
867 475 1006 521 vicos
1056 488 1337 539 expugnant

50 545 392 611 diripiuntque.
445 539 692 589 Achorras
731 557 818 607 per
858 540 1155 589 deditionem
1196 558 1339 592 rece-

47 626 240 682 perunt.
271 609 450 675 Xyniae
472 607 611 656 sunili
639 623 773 658 metu
795 627 820 657 a
841 608 1106 657 &ultoribus
1138 608 1340 663 desertae

45 680 166 729 sunt.
189 678 301 727 Hoc
334 676 523 726 sedibus
545 675 636 725 suis
671 690 864 727 extorre
889 693 1065 743 agmen
1095 693 1122 724 2
1147 677 1194 725 in
1215 695 1340 744 prae·

46 745 216 798 fidium
247 745 413 794 incidit
435 782 450 799 .,
483 744 620 811 quod
649 743 982 794 Athamanum
1005 781 1018 804 ‚
1053 762 1152 810 quo
1189 747 1340 796 tutior

46 813 358 867 frumentatio
391 810 538 874 esset,
566 812 832 862 ducebatur
868 829 878 860 t
912 813 1162 861 incondita
1203 816 1341 863 iner-

45 882 230 948 misque
263 880 552 941 multitudo,
586 880 722 930 mista
743 880 927 929 imbelli
961 880 1135 940 turba,
1169 881 1228 930 ab
1261 900 1339 931 ar-

46 952 186 1001 matis
208 949 321 998 caesa
354 947 440 999 est.
471 948 650 1015 Xyniae
674 947 871 999 desertae
894 949 1195 1014 diripiuntur.
1232 947 1339 1017 Cy-

46 1019 194 1086 phara
216 1018 329 1078 inde
359 1017 511 1066 AEtoli
533 1019 756 1084 capiunt,
786 1018 1064 1083 opportune
1097 1015 1335 1084 Dolopiae

49 1088 308 1144 imminens
342 1084 601 1135 castellum.
639 1085 759 1135 Haec
792 1087 969 1153 raptim
1002 1087 1123 1136 intra
1152 1104 1339 1155 paucos

46 1155 150 1207 dies
187 1156 247 1204 ab
281 1153 456 1209 AEtolis
496 1152 644 1221 gesta.

116 1221 259 1272 XIV.
304 1221 411 1272 Nec
447 1220 772 1288 Amynander
805 1234 950 1288 atque
994 1220 1334 1286 Athamana,
1415 1245 1539 1302 mnf

48 1290 158 1360 post
173 1290 350 1340 famam
369 1289 610 1356 prosperae
624 1307 797 1356 pugnae
808 1287 1147 1339 Romanorum
1165 1330 1178 1353 ‚
1197 1296 1333 1359 quie·
1343 1309 1485 1347 ηαηᾱη·

50 1373 241 1410 verunt.
274 1356 509 1407 Ceterum
536 1357 887 1425 Amynander,
924 1360 1035 1424 quia
1072 1358 1154 1408 suo
1190 1362 1539 1428 militiresgestae.

49 1444 220 1494 parum
251 1424 432 1474 fidebat
450 1462 464 1486 ‚
488 1427 641 1492 petito
676 1426 736 1478 ab
763 1425 955 1475 consule
982 1427 1180 1477 modico
1205 1448 1330 1495 prae-

48 1493 200 1556 fidio,
233 1510 381 1560 quum
410 1492 673 1561 Gomphos
699 1508 916 1565 peteret,
947 1495 1184 1561 oppidum
1214 1516 1334 1563 pro-

49 1564 175 1615 tinus
207 1564 406 1611 nomine
439 1577 462 1627 3
499 1561 706 1612 Phecam
723 1601 737 1623 ‚
760 1561 896 1612 situm
919 1564 1043 1612 inter
1063 1561 1333 1630 Gomphos

49 1629 306 1697 faucesque
341 1629 555 1697 angustas
577 1670 591 1692 ‚
619 1649 722 1700 quae
757 1631 817 1680 ab
860 1631 1148 1681 Athamania
1180 1632 1334 1684 Thes-

52 1699 214 1749 saliam
236 1699 462 1747 dirimunt
482 1736 496 1759 ‚
519 1701 567 1748 vi
589 1702 718 1766 cepit
739 1699 880 1749 :inde
901 1698 1166 1767 Gomphos
1185 1703 1337 1752 ador-

51 1780 126 1816 tus
163 1785 174 1815 t
208 1767 259 1816 &
280 1784 367 1833 per
390 1767 575 1834 aliquot
594 1768 694 1818 dies
715 1766 897 1816 summa
926 1769 976 1817 vi
998 1769 1171 1818 urbem
1189 1785 1334 1821 tuen-

51 1849 124 1885 tes
141 1872 157 1895 ‚
181 1853 330 1902 quum
362 1834 506 1885 scalas
535 1837 596 1885 ad
616 1839 795 1885 moenia
824 1835 1042 1886 erexisset
1062 1875 1077 1899 ,
1096 1855 1128 1899 4
1150 1840 1333 1890 eodem

53 1918 186 1957 metu
235 1904 445 1970 perpulit
496 1904 557 1953 ad
612 1905 930 1955 deditionem.
982 1904 1103 1954 Haec
1135 1908 1335 1958 traditio

54 1969 403 2036 ‚Gomphorum
429 1973 677 2040 ingentem
710 1990 948 2030 terrorem
981 1972 1214 2027 Thessalis
1250 1979 1335 2026 in-

113 2120 142 2149 2
165 2106 212 2149 In
237 2108 451 2164 praefidium
465 2139 475 2150 .
492 2138 503 2151 .
519 2139 531 2152 .
558 2112 662 2165 quod
722 2125 757 2153 c.
778 2121 834 2160 41
864 2137 875 2157 ‚
892 2110 1036 2152 dicitur
1052 2111 1272 2156 Pbecadus.

50 2165 330 2223 'Athamanum
347 2171 364 2225 ]
401 2173 499 2214 Vox
528 2174 661 2213 Atha·
776 2187 803 2222 4
817 2172 965 2212 Eodem
978 2186 1077 2214 metu
1095 2175 1270 2229 perpulit
1282 2177 1338 2217 act

54 2247 205 2273 manum
225 2233 366 2273 vitiosa
385 2233 560 2274 videtur.
579 2234 660 2276 Pro
722 2234 1004 2288 dedicionem]
1036 2235 1225 2288 Quonam
1252 2252 1333 2279 me·

56 2307 103 2335 ea
118 2293 234 2349 possis
250 2295 456 2336 restituere
475 2295 661 2336 Thamna„
722 2306 766 2336 tu
785 2294 802 2335 ?
824 2296 934 2351 Lege
963 2311 1006 2338 eo
1033 2301 1179 2340 demum
1196 2312 1297 2339 metu
1315 2326 1328 2348 ,

55 2370 122 2397 cos
136 2384 147 2403 ,
166 2370 251 2410 quae
270 2358 362 2398 urbs
382 2356 436 2397 est
452 2357 661 2398 Theffaliae
723 2357 762 2398 id
783 2356 835 2398 est
858 2385 869 2405 ,
887 2371 997 2399 metu
1014 2359 1233 2400 ereaarum
1252 2360 1334 2414 jam

57 2417 197 2469 supra,
218 2431 257 2458 c.
276 2432 327 2467 4,
345 2419 538 2473 descripta
559 2433 570 2461 :
593 2420 663 2461 vel
724 2420 773 2458 ad
819 2419 966 2460 moenia
1010 2421 1218 2462 scalatum.
1265 2422 1334 2463 Sic

58 2476 235 2519 Ithomen
250 2507 262 2527 ,
281 2480 347 2534 qui
366 2481 479 2522 locus
500 2481 555 2522 est
571 2481 664 2522 Me·
725 2481 755 2521 l.
779 2481 799 2522 1
817 2508 830 2529 ,
853 2494 892 2521 c.
918 2494 934 2530 5
961 2509 973 2528 ‚
998 2483 1065 2522 ubi
1086 2481 1209 2538 vulgo
1228 2482 1334 2538 legi-9

60 2540 343 2593 tropolitatum
363 2543 556 2598 regionis.
725 2551 794 2583 tur
812 2570 824 2591 ,
859 2539 1171 2598 sciscitandoque
1199 2545 1331 2589 eodem

126 2611 144 2651 3
166 2599 366 2656 Phacum]
388 2603 535 2644 Eadem
552 2603 663 2645 vide·
721 2604 903 2659 pervenit
921 2633 932 2651 ,
955 2605 1176 2645 monuimus
1196 2606 1336 2665 legenq

57 2671 126 2730 §ur
145 2659 220 2704 csse
236 2663 328 2705 urbs
347 2678 433 2722 quae
449 2667 478 2711 1.
498 2665 664 2718 XXXI,
727 2667 823 2711 dum
842 2665 975 2711 videri
991 2667 1036 2710 εὸ
1053 2667 1218 2721 demum?
1307 2663 1331 2671 ”
