1680 3052
640 95 907 158 Τιτῐ
1013 100 1347 160 L1v11

356 115 475 177 470

157 188 246 235 Ue
259 191 333 245 562
355 196 546 229 merum
581 181 882 249 explebant)
915 181 1088 232 statuit.
1119 182 1317 240 Laevum
1352 196 1500 234 cornu
1533 199 1640 236 nort

156 249 346 301 13.le90

202 1224 348 1285 Regia.

357 248 610 299 videbatur
647 267 790 330 egere
831 251 1002 300 talibus
1043 254 1263 312 auxiliis,
1298 255 1432 318 quia
1454 254 1636 303 flumen

354 317 414 366 ab
441 334 499 366 ea
525 333 656 384 parte
686 322 895 385 ripaeque
921 319 1135 384 deruptae
1167 319 1487 368 claudebant·
1476 357 1490 380 ,
1518 340 1640 387 qua-

351 398 464 434 tuor
486 399 651 436 tamen
674 389 786 436 inde
811 403 979 435 turmae
1004 389 1153 452 equit
1142 405 1220 434 im
1240 388 1494 453 oppofitae.
1519 389 1640 438 Haec
1679 391 1680 394 ’

351 453 536 503 summa
566 458 811 521 copiarum
850 472 950 503 erat
981 455 1245 503 Romanis:
1271 459 1322 504 &
1358 456 1456 505 duo
1490 458 1640 506 millia

353 521 601 572 mistorum
639 524 973 572 Macedonum
1003 522 1348 590 Thracumque
1373 562 1387 585 ‚
1428 526 1508 591 qui
1543 543 1640 574 vo-

355 590 539 640 luntate
561 590 704 641 secuti
730 608 865 640 erant
882 629 897 651 ,
921 591 1137 658 praesidio
1170 591 1315 640 reliffi
1337 593 1441 641 sunt
1463 592 1642 643 castris.

354 657 612 708 Sexdecim
649 661 935 726 elephantos
969 658 1075 726 post
1109 659 1324 709 Triarios
1357 664 1403 708 in
1433 660 1638 712 subsidio

353 727 677 789 locaverunt;
710 747 819 776 nam
861 744 1180 794 praeterquam
1210 728 1341 795 quod
1369 729 1640 778 multitudi-

354 812 471 845 nem
525 799 770 863 regiorum
824 797 1194 861 elephantorum
1241 805 1258 859 (
1287 812 1421 845 erant
1475 814 1637 848 autem

356 878 564 929 quatuor
602 867 654 913 ὅ(
690 864 1071 932 quinquaginta)
1105 863 1328 913 sustinere
1362 883 1460 913 non
1496 865 1639 915 vide-

354 932 532 980 bantur
567 931 734 997 poste,
767 950 826 982 ne
863 936 963 998 pari
995 934 1191 999 quidem
1221 951 1271 979 n
1274 950 1424 981 mero
1462 932 1639 981 Indicis

356 999 515 1048 Africi
547 999 794 1061 refistunt3
817 999 913 1048 five
947 1004 1056 1067 quia
1090 1001 1456 1067 magnitudine,
1494 1000 1616 1067 (len
1621 1029 1642 1038 -

359 1068 420 1134 ge
453 1071 583 1117 enim
623 1070 690 1117 illi
722 1068 984 1136 praestant)
1015 1068 1112 1118 five
1150 1070 1328 1118 robore
1369 1071 1642 1119 animorum

360 1137 639 1187 vincuntur.

429 1204 537 1253 XL.
559 1204 713 1273 Regia
733 1207 858 1255 acies
880 1208 1011 1255 varia
1031 1206 1184 1272 magis
1209 1205 1369 1254 multis
1391 1206 1649 1274 gentibUS,

358 1271 734 1323 diffimilitudine
774 1293 1019 1323 armorum
1064 1276 1372 1323 auxiliorum
1357 1292 1446 1339 με
1474 1312 1487 1333 ,
1525 1290 1647 1324 erat-

361 1341 561 1392 Decem
595 1343 645 1392 ὃ(
682 1343 760 1391 sex
789 1345 936 1391 millia
969 1345 1189 1422 peditum
1226 1360 1364 1391 more
1403 1343 1661 1392 Macedo-¹

362 1427 481 1460 num
510 1412 679 1460 armati
707 1409 876 1470 fuere,
903 1414 983 1478 qui
1018 1411 1298 1477 phalangitae
1332 1411 1647 1478 appel-laban-

361 1491 472 1539 tur3
507 1480 605 1528 haec
637 1479 795 1528 media
831 1483 954 1528 acies
984 1479 1073 1528 fuit
1111 1499 1129 1528 1
1163 1481 1209 1526 in
1243 1477 1443 1539 fronte,
1476 1483 1521 1527 in
1555 1496 1646 1528 te-

363 1564 471 1596 cem
495 1564 653 1614 partes
681 1547 843 1598 divisa.
861 1547 1025 1598 Partes
1054 1565 1132 1597 eas
1159 1564 1185 1594 2
1208 1547 1496 1614 interpositis
1523 1550 1645 1597 binis

363 1616 635 1682 elephantis
658 1616 1038 1694 distinguebat:
1064 1636 1090 1665 a
1131 1614 1291 1665 fronte
1334 1615 1561 1666 introrsus
1597 1618 1646 1666 in

364 1684 490 1733 duos
529 1684 581 1733 ὃ(
615 1685 806 1752 triginta
836 1688 1032 1735 ordines
1070 1702 1363 1734 armatorum
1403 1689 1525 1734 acies
1560 1704 1648 1752 pa-

364 1753 518 1801 tebat
539 1752 652 1802 Hoc
685 1755 738 1802 &
772 1754 960 1803 roboris
995 1757 1041 1802 in
1074 1755 1215 1820 regiis
1250 1755 1404 1820 copiis
1435 1768 1567 1813 erat,
1591 1753 1646 1802 &-

366 1832 395 1887 3
424 1822 626 1887 perinde
663 1839 811 1888 quum
842 1824 933 1871 alia
973 1822 1130 1889 specie
1151 1860 1165 1881 ,
1197 1837 1298 1870 tum
1326 1821 1646 1871 eminentibus

431 1922 447 1950 1
470 1909 520 1950 In
545 1908 736 1964 fronte.]
763 1912 884 1950 Inane
904 1910 975 1948 ad-

364 1970 628 2012 ditamentum
660 1986 670 2013 ε
691 1972 758 2013 nifi
780 1974 886 2013 forte
904 1985 976 2011 ex-

1039 1910 1118 1949 erit
1138 1911 1292 1956 oratio,
1316 1909 1357 1949 8<
1376 1910 1429 1949 ita
1448 1909 1646 1962 explenda

1039 1972 1115 2011 erit
1134 2003 1145 2021 ,
1168 1982 1211 2011 ut
1230 1973 1340 2011 frons
1361 1971 1478 2021 hujus
1498 1971 1645 2010 ,mcdiae

363 2033 461 2075 cidit
493 2048 681 2074 numerus
723 2035 975 2090 phalangita-

363 2109 451 2136 rum
473 2096 514 2134 in
541 2096 677 2136 fronte
704 2097 935 2137 struPcorum
960 2123 974 2140 ,

364 2158 432 2212 qui
453 2158 601 2198 debent
622 2158 729 2199 fuiffe
750 2159 976 2214 qaingenti.

364 2219 524 2260 Etenim
545 2235 592 2260 ex
614 2221 847 2274 quingentis'
862 2223 901 2260 in
923 2223 977 2259 li-

365 2295 499 2330 neam,
516 2283 556 2323 St
578 2283 731 2322 duobus
751 2297 795 2322 ac
813 2284 974 2338 triginta

365 2341 405 2383 in
424 2345 676 2385 altitudinem
692 2373 703 2389 ,
718 2344 893 2384 efficitur
907 2359 973 2384 nu-

364 2419 498 2445 merus
520 2406 714 2447 sexdecim
737 2408 916 2446 millium.
934 2407 976 2445 Si

366 2467 600 2519 conjeflura
656 2473 740 2507 haee
795 2468 923 2507 nostra
959 2497 972 2514 ,

365 2543 482 2582 quam
500 2528 627 2569 firmat
649 2531 853 2584 Appianus
872 2558 885 2576 ,
904 2530 975 2569 ad-

363 2591 547 2631 mittatur
567 2621 577 2639 ,
603 2605 700 2632 tunc
729 2607 806 2631 non
832 2594 972 2631 redun-

366 2651 463 2695 dans
487 2654 568 2696 hoc
596 2655 691 2695 loco
709 2683 723 2701 ,
756 2654 824 2695 sed
849 2654 975 2695 inanis

1038 2034 1140 2073 aciei
1186 2033 1294 2073 fuiffe
1336 2034 1651 2088 quingentorum-

1039 2105 1281 2135 armatorum
1307 2095 1567 2150 intelligatur.

1105 2169 1132 2197 2.
1161 2156 1407 2212 Interpositis
1436 2157 1535 2196 binis
1571 2155 1649 2196 ele·

1037 2221 1196 2276 phantis
1219 2219 1488 2275 distinguebat.
1511 2218 1528 2271 ]
1553 2219 1651 2259 Non-

1041 2284 1132 2323 satis
1162 2293 1329 2336 apparet
1350 2310 1361 2330 ,
1399 2281 1477 2336 quo
1505 2279 1650 2320 referri

1041 2346 1188 2384 debeat
1235 2345 1400 2385 verbum
1444 2343 1646 2397 distingue-

1039 2407 1120 2446 bat.
1144 2406 1292 2446 Melicis
1310 2405 1438 2446 oratio
1449 2404 1647 2459 procede·

1039 2482 1119 2516 ret,
1133 2468 1157 2508 fi
1170 2470 1397 2524 legeremus
1409 2482 1417 2508 ε
1429 2461 1648 2520 interpofiti

1040 2530 1122 2571 bini
1135 2531 1333 2584 elephanti
1347 2528 1644 2585 distinguebant·

1105 2604 1125 2643 3
1171 2591 1352 2632 Perinde.
1375 2595 1392 2648 J
1447 2589 1644 2645 Quemad-

1039 2655 1202 2695 modum
1225 2655 1356 2710 magni
1382 2655 1538 2696 roboris
1559 2656 1642 2695 er³⁸
