1680 3052
243 127 289 184 L
332 140 354 181 Ι
402 139 437 180 Β
482 139 603 192 ER
697 124 1076 184 XXXIII.
1198 147 1303 203 171

40 206 280 258 Minucius
315 204 557 253 Thermus
591 203 867 252 citeriorem
893 243 907 265 ‚
943 204 1005 255 C.
1030 205 1201 254 Laelius
1236 207 1517 273 Si-U.c.55(2,

38 276 193 324 ciliam
215 310 231 335 ,
260 272 340 322 Ti.
368 269 681 339 Sempronius
700 271 893 339 Longus
919 271 1205 321 Sardiniam.
1241 274 1517 338 Q.a.C.196.

37 342 188 392 Fabio
232 340 473 400 Buteoni,
509 341 559 389 &
598 339 667 404 Q
703 340 923 388 Minucio
945 377 959 400 ‚
994 341 1165 406 quibus
1196 340 1315 389 His-

37 413 190 477 paniae
227 410 488 476 provinciae
522 422 821 466 evenerant,
856 406 1071 456 consistes
1097 409 1318 474 legiones

37 477 239 545 singulas
278 494 335 526 ex
371 491 576 542 quatuor
615 475 673 523 ab
701 475 747 524 se
784 475 965 541 scriptis
986 513 999 534 ‚
1031 494 1146 541 quas
1171 476 1320 525 vide-

37 561 198 605 retur,
231 546 297 592 uti
317 544 486 592 darent
507 581 522 604 ,
542 544 792 592 decretum
821 543 912 602 est3
937 542 1118 593 socium
1149 562 1203 591 ac
1224 562 1319 593 no·-

0 622 1 626 ’
37 614 175 662 minis
201 611 355 660 Latini
385 626 615 678 quaterna
642 612 790 659 millia
810 612 1028 677 peditum
1049 650 1063 672 ‚
1089 626 1319 661 trecenos

37 683 252 748 equites:
281 680 425 746 hique
457 681 613 745 primo
645 696 840 746 quoque
872 694 1098 746 ternpore
1127 682 1173 728 in
1196 698 1319 745 pro-

35 750 215 799 vincias
249 748 315 797 ire
353 745 474 813 juffi.
509 747 539 797 6
575 746 764 796 Bellum
800 749 846 795 in
878 747 1107 814 Hispania
1145 751 1317 813 quinto

34 814 141 883 post
176 834 303 865 anno
342 831 565 865 exortum
595 813 662 864 est
687 853 700 874 ‚
734 815 879 880 quam
912 815 1048 865 fimul
1086 834 1194 865 cum
1221 815 1317 865 Pu-

0 876 1 896 *
34 885 144 934 nico
178 884 311 934 bello
342 883 498 934 fuerat
527 881 735 932 finitum.
757 882 1031 950 Priusquam
1054 883 1102 933 hi
1132 899 1315 950 praeto-

34 968 109 1002 res
126 952 186 1002 ad
207 953 387 1002 bellum
416 968 570 1018 prope
593 969 776 1002 novum
792 990 807 1012 ‚
834 955 945 1018 quia
974 967 1077 1002 tum
1101 953 1314 1019 primum

0 1021 1 1029 ’
34 1019 116 1070 suo
152 1023 351 1070 nomine
372 1057 386 1079 ‚
422 1020 557 1069 nullo
591 1018 772 1069 Punico
806 1022 1020 1069 exercitu
1056 1035 1134 1070 aut
1158 1021 1310 1083 duce,

0 1096 1 1102 ’
31 1088 94 1137 ad
127 1106 258 1138 arma
289 1091 470 1148 ierant,
498 1086 913 1154 proficiscerentur
932 1127 946 1149 ,
986 1104 1065 1138 aut
1083 1088 1167 1156 ipsi
1191 1107 1312 1139 con-

0 1186 1 1189 =
31 1155 154 1206 sules
192 1158 251 1206 ab
299 1157 418 1206 urbe
447 1171 737 1215 moverent3
773 1174 1063 1222 procurare,
1099 1172 1151 1207 ut
1183 1157 1307 1207 asso-

0 1251 5 1270 :
32 1224 101 1273 let
120 1261 136 1285 ‚
170 1225 389 1292 prodigia
412 1261 427 1284 ‚
457 1242 561 1290 quae
583 1225 934 1275 nunciabantur
952 1262 969 1285 ‚
1000 1223 1122 1290 juffi.
1151 1225 1207 1275 L.
1222 1226 1304 1276 Ju-
1321 1248 1513 1313 Prodigia

31 1292 121 1341 lius
152 1292 413 1360 Sequestris
438 1294 485 1340 in
502 1291 706 1342 Sabinos
733 1291 1044 1359 proficiscens
1062 1331 1078 1353 ,
1106 1294 1307 1345 fulmine

0 1400 2 1406 .
31 1359 131 1425 ⁴ipse
162 1359 401 1427 equusque
434 1362 692 1411 exanimati
727 1360 916 1411 fuerant
951 1379 962 1410 :
991 1363 1119 1412 aedes
1153 1362 1311 1413 Fero-

30 1429 122 1475 niae
153 1429 200 1476 in
231 1426 482 1493 Capenate
521 1428 582 1477 de
621 1429 750 1478 coelo
784 1430 908 1479 taeta
938 1445 1038 1479 erat
1060 1431 1156 1494 :ad
1181 1431 1308 1480 Mo-

0 1530 2 1540 s
31 1510 154 1544 netae
181 1496 378 1544 duarum
412 1495 646 1545 hastarum
687 1496 862 1563 spicula
884 1498 1092 1549 arserant
1124 1517 1135 1548 ι
1166 1498 1309 1566 lupus

31 1560 268 1629 Esquilina
298 1565 438 1630 porta
462 1563 718 1631 ingressus,
753 1565 1133 1633 frequentissima
1168 1584 1307 1634 parte

0 1689 1 1694 ¹
32 1632 159 1679 urbis
181 1670 196 1692 ‚
231 1650 379 1699 quum
419 1635 466 1680 in
499 1633 661 1681 forum
692 1634 999 1696 decurrisset,
1033 1634 1195 1685 Tusco
1229 1639 1308 1687 vi-

0 1704 2 1758 ἶ
29 1716 90 1748 co
107 1737 122 1759 ‚
151 1715 185 1762 7
206 1716 345 1767 atque
367 1701 478 1750 inde
503 1701 660 1750 Melio
680 1740 693 1762 ‚
722 1719 808 1766 per
825 1719 1020 1769 portam
1044 1702 1303 1770 Capenam

31 1784 185 1845 prope
220 1768 419 1818 inta&us
450 1769 679 1819 evaserat.
715 1770 835 1822 Haec
866 1772 1085 1840 prodigia
1104 1771 1307 1842 majori·⁴

29 1834 118 1892 bus
148 1835 311 1888 hostiis
341 1837 444 1887 sunt
474 1852 743 1906 procurata.
1007 1840 1009 1842 ’

0 2040 1 2046 1
89 1986 117 2029 6
138 1986 294 2028 Bellum
320 1988 361 2030 in
380 1987 631 2046 Hispania...
694 2007 731 2035 c.
747 1991 906 2040 ultimo,
918 2008 1045 2036 ovans
1056 1994 1307 2051 ingrediatur

27 2050 281 2100 exortumest.
315 2052 469 2092 Bellum
482 2068 630 2094 memo·
693 2057 848 2096 urbem.
878 2056 958 2096 Sed
984 2059 1089 2098 bella
1117 2073 1202 2113 quae
1229 2073 1304 2113 per

0 2155 1 2158 Ἴ
26 2111 152 2151 rabile
171 2139 181 2159 ,
200 2113 348 2152 bellum
376 2115 483 2167 quod
502 2115 632 2170 aliqui
693 2117 767 2159 hos
781 2131 906 2159 annos
917 2119 958 2158 in
981 2119 1173 2173 Hispania
1193 2121 1303 2175 gesta

26 2170 181 2225 majore
223 2175 315 2214 cura
358 2175 632 2218 administran-
693 2179 780 2219 sunt
794 2180 897 2220 levia
909 2180 1302 2236 fuiffe‚argument0

28 2233 119 2274 dum
133 2233 242 2275 esset.
263 2237 364 2276 Nam
380 2237 527 2278 bellum
543 2239 631 2293 qui-
694 2241 748 2282 est
769 2241 962 2282 silentium
982 2244 1031 2284 de
1053 2244 1098 2284 iis
1118 2244 1236 2286 Livii.

26 2294 118 2335 dem
160 2298 323 2337 omnino
357 2300 400 2337 in
445 2299 630 2354 Hispania
754 2318 780 2356 7
796 2306 1025 2359 Atqueinde
1039 2305 1213 2358 Melini]
1228 2304 1303 2349 VI·

27 2357 178 2396 nullum
210 2357 321 2399 fuisse
338 2374 357 2398 a
379 2359 494 2401 finito
513 2361 633 2410 Puni·
694 2377 745 2405 co
760 2379 771 2406 τ
788 2365 902 2420 cujus
915 2368 1093 2422 quamvis
1105 2368 1212 2408 nulla
1226 2368 1302 2408 alia

30 2430 82 2456 co
113 2419 221 2458 bello
250 2420 328 2461 dici
356 2436 436 2462 non
465 2424 597 2476 potest
616 2452 628 2473 ,
694 2427 820 2467 exstet
845 2429 951 2482 apud
975 2429 1161 2484 antiquos
1186 2442 1304 2468 men-

28 2492 150 2531 quum
181 2493 217 2519 c.
248 2481 330 2536 seq.
359 2483 438 2525 Cn.
466 2484 630 2527 Corne·
693 2489 780 2536 tio,
810 2505 891 2530 non
923 2490 1017 2531 ideo
1045 2492 1123 2530 hoc
1152 2504 1303 2532 nornen

27 2539 104 2579 lius
122 2567 132 2587 ,
150 2555 265 2593 quem
286 2555 427 2596 quarto
451 2548 544 2586 ante
560 2562 630 2588 an·
692 2551 905 2604 repudiare
929 2553 1119 2592 debemus
1141 2580 1151 2600 ,
1182 2552 1223 2592 &
1243 2550 1307 2606 su-¹

28 2614 84 2640 no
98 2600 135 2640 in
150 2602 374 2656 Hispaniam
392 2606 538 2646 missurn
554 2610 630 2650 effe
693 2612 868 2669 spestum
900 2614 1034 2654 mendi
1060 2615 1229 2658 haberet.

0 2649 7 2730 j
27 2665 629 2720 memoravitLivius,1.XXX1,

918 2732 1029 2802 Hij
