1680 3052
306 84 434 170 '584
597 87 1297 152 T1T1L1VI1‘

113 173 420 237 U,c,565‚dum
464 171 530 220 ad
560 172 742 238 causam
778 176 1018 223 dicendam
1040 212 1056 234 ‚
1087 179 1257 225 mittere
1291 195 1382 226 non
1418 174 1598 228 au'dea‘:

113 240 434 293 a.C.187.mus.
467 238 673 290 Tribuni
707 241 861 307 plebis
901 242 1126 307 appellati
1165 244 1238 292 ab*
1267 243 1325 292 L.
1364 244 1595 312 Scipione

315 308 383 355 ita
422 306 741 358 decreverunt
765 345 780 368 ‚
816 309 870 357 Si
915 311 1057 359 morbi
1098 313 1237 376 causa
1275 314 1603 378 excusaretur-‚-

303 374 400 440 fibi
430 376 612 441 placere
643 377 795 447 accipi
825 393 922 424 eam
957 380 1138 445 caufizm
1161 417 1179 438 ,
1202 382 1403 445 diemque
1445 400 1474 430 a
1501 384 1601 432 col·

317 443 432 509 legis
459 445 658 507 prodici.

386 508 514 559 LIII.
544 509 791 560 Tribunus
816 511 972 579 plebis
1003 528 1065 562 eo
1096 525 1322 580 ternpore
1351 513 1431 565 Ti.
1453 515 1600 583 Sern-

317 580 519 643 pronius
567 577 818 629 Gracchus
868 598 969 631 erat
997 619 1013 643 ‚
1055 583 1131 630 cui
1182 583 1440 633 inimicitiae
1491 601 1602 634 cum

318 644 375 694 P.
409 644 640 712 Scipione
674 647 1041 699 intercedebant
1065 667 1079 709 3
1104 651 1141 698 is
1165 687 1180 710 ‚
1202 668 1351 717 quum
1381 652 1602 702 vetuisset

319 730 508 763 nomen
530 714 665 764 suum
697 715 896 766 decreto
925 718 1221 784 collegarum
1255 719 1451 769 adscribi
1475 758 1488 781 ,
1512 723 1605 769 tri-

321 779 615 850 stioremque
644 801 815 834 omnes
845 784 1130 836 sententiam
1163 786 1603 853 exspefiarent‚ita

133 848 542 901 ‘Graccbidecrevit
569 868 580 900 ε
610 856 762 918 Quum
795 856 852 901 L.
883 856 1039 919 Scipio
1077 855 1258 918 excufht
1298 858 1494 904 morbum
1524 855 1603 920 effe

114 913 507 984 'decretumcaufizm
529 917 673 984 fratri
693 957 711 979 ‚
728 921 849 986 satis
868 923 920 969 id
942 924 1029 990 fibi
1053 924 1215 971 videri.
1242 927 1302 972 Se
1330 927 1391 972 P.
1425 927 1611 990 Scipio-

120 983 164 1077 {¹}
230 993 424 1080 {fff‘nem
451 1024 465 1047 ‚
495 988 760 1054 priusquam
795 993 989 1038 Romam
1028 989 1240 1054 rediffiet,
1274 992 1477 1057 accusari
1515 1011 1605 1040 non

141 1054 218 1079 lam
267 1056 318 1081 CI·

117 1101 268 1157 pionis.

322 1054 592 1122 paffurum;
623 1071 716 1105 tum
746 1075 917 1122 quoque
948 1096 963 1119 ‚
987 1057 1106 1122 fise
1141 1060 1343 1125 appellet
1363 1098 1380 1118 ‚
1421 1061 1606 1108 auxilio

327 1127 369 1173 ei
405 1122 615 1189 ficturum
648 1161 664 1186 ,
700 1144 754 1175 ne
786 1126 970 1190 causam
1006 1128 1149 1175 dicat.
1182 1129 1269 1175 Ad
1302 1128 1353 1174 id
1373 1126 1606 1195 fhsiigium

324 1194 459 1243 rebus
488 1195 616 1260 gestis
637 1230 652 1253 ,
687 1195 934 1243 honoribus
960 1195 1128 1261 populi
1158 1196 1390 1255 Romani,
1417 1197 1478 1245 P.
1508 1195 1610 1246 Sci-

316 1262 503 1329 pionem
529 1264 710 1310 deorum
744 1263 1058 1328 hominumque
1088 1263 1300 1327 consensu
1327 1262 1571 1329 perveniſje
1591 1301 1608 1325 ‚

323 1345 377 1378 ut
400 1329 485 1391 sub
517 1331 690 1395 Rostris
724 1348 843 1378 reum
866 1331 987 1398 stare
1021 1331 1065 1379 6³
1093 1332 1288 1397 praebere
1321 1349 1456 1380 aures
1491 1334 1605 1381 ado-

324 1398 587 1461 lescentium
621 1400 874 1458 conviciis,
904 1400 1079 1464 populo
1106 1403 1312 1448 Romano
1344 1402 1488 1466 magis
1520 1402 1606 1452 de·-

314 1465 464 1530 forme
482 1503 497 1526 ,
521 1466 655 1531 qua'm
681 1469 769 1531 ipsi
787 1467 865 1529 fit.
893 1482 912 1532 5
943 1465 1137 1529 Adjecit
1161 1467 1361 1515 decreto
1381 1467 1607 1535 indigna-

321 1535 544 1583 tionem:
566 1536 660 1583 Sub
696 1535 889 1598 pedibus
917 1536 1070 1601 vestris
1090 1535 1226 1602 stabit
1245 1572 1260 1594 ,
1280 1536 1451 1583 tribuni
1477 1573 1490 1593 ‚
1523 1539 1607 1584 do-

306 1603 461 1651 -mitor
484 1603 563 1650 ille
597 1601 773 1665 Africae
805 1603 962 1667 Scipio
982 1603 1007 1649 Ρ
1027 1603 1135 1651 Ideo
1170 1617 1366 1668 quatuor
1394 1603 1614 1668 nobiltffi‘-

318 1687 418 1718 mos
455 1671 591 1718 duces
611 1672 851 1720 Poenorum
886 1670 932 1718 in
953 1670 1184 1736 Hispania
1205 1708 1220 1731 ‚
1244 1686 1439 1735 quatuor
1473 1688 1611 1720 exer-

323 1740 445 1786 citus
480 1736 613 1800 fudit
649 1737 925 1804 fugavitque
952 1756 975 1796 ;
1023 1740 1124 1786 ideo
1159 1740 1417 1803 Syphacem
1457 1742 1608 1804 cepit,

323 1806 612 1856 Annibalem
636 1807 804 1854 devicit
825 1843 839 1866 ‚
865 1807 1180 1873 Carthaginem
1202 1806 1457 1871 vestigalem
1480 1808 1612 1856 nobis

320 1872 474 1939 fecit,
514 1874 795 1923 Antiochum
833 1872 1035 1940 (recepit
1064 1875 1180 1922 enim
1204 1871 1396 1937 fratrem
1433 1876 1612 1938 consor·-

324 1956 414 1991 tem
439 1940 592 2007 ‘hujus
629 1941 790 2008 gloriae
827 1943 884 1990 L.
915 1942 1121 2008 Scipio)
1157 1942 1280 1989 ultra
1325 1943 1465 1989 Tauri
1493 1941 1612 2009 juga

330 2010 500 2059 emovit
528 2046 544 2067 ,
573 2025 622 2057 ut
652 2010 826 2063 duobus
846 2009 1056 2058 Petilliis
1075 2009 1413 2075 fitecumberet,
1449 2029 1530 2059 vos
1558 2013 1613 2058 de

327 2078 393 2126 P.
425 2076 656 2141 Africano
686 2079 891 2143 palmam
919 2080 1127 2144 peteretis
1146 2080 1174 2125 ,Ρ
1200 2077 1417 2142 Nullistze
1446 2077 1614 2127 meritis

323 2145 430 2211 suis
455 2183 472 2204 ,
507 2146 654 2194 nullis
685 2147 839 2212 vestris
874 2147 1118 2195 honoribus
1152 2164 1352 2210 unquam
1386 2146 1436 2194 in
1468 2164 1614 2196 arcem

334 2229 479 2263 tutam
506 2250 522 2274 ,
552 2213 596 2262 δ’
629 2214 758 2264 velut
778 2213 983 2278 sanciam
1003 2251 1017 2274 ‚
1046 2215 1162 2263 clari
1192 2215 1282 2263 viri
1311 2215 1573 2279 pervenient
1591 2232 1614 2275 ,⁸

334 2282 414 2330 ubi
433 2283 482 2346 fi
507 2301 598 2330 non
630 2283 906 2330 venerabilis
928 2319 947 2340 ,
966 2284 1195 2331 inviolata
1225 2281 1392 2347 saltem
1414 2282 1614 2346 seneclus

334 2368 485 2399 eorum
515 2350 760 2415 confidat?
793 2349 957 2400 Movit
991 2351 1042 2401 δε
1075 2350 1359 2412 decretum,
1393 2349 1447 2400 &
1481 2347 1617 2416 adje-¹

405 2515 423 2557 5
460 2503 622 2559 Adjecit
654 2506 810 2546 decreto
842 2505 946 2546 indi-
1008 2505 1107 2561 jecit
1131 2506 1356 2550 orationem
1382 2507 1541 2565 plenam
1558 2506 1619 2557 in-⁴
1675 2551 1678 2554 ,

333 2566 596 2622 gnationem]
617 2568 819 2616 Decreto‚
838 2568 948 2622 quod
1011 2569 1275 2626 dignationis·

336 2627 460 2673 modo
479 2640 748 2672 memoratum
769 2629 823 2671 est
843 2657 854 2679 ‚
875 2630 948 2672 ad·-
