1680 3052
198 105 245 163 L
289 119 311 161 1
360 118 396 159 B
441 117 478 159 E
521 117 560 158 R
643 99 1093 159 XXXVIII.
1200 114 1312 181 529

8 201 9 205 ¹
31 184 216 246 hirtus,
241 187 500 234 docuerunt.
519 184 625 234 Iam
653 183 726 229 M.
749 181 963 229 Manlius
994 199 1113 230 unus
1137 186 1512 248 aginineU,c,563.·

25 251 339 316 scandentes
324 271 370 300 m
406 250 683 313 Capitolium
720 248 890 297 Gallos
927 250 1092 311 detrus
1090 264 1122 296 t
1164 251 1230 297 Et
1249 252 1356 297 tl—-a
1364 250 1516 300 μηδ’),

38 320 102 368 lis
136 318 382 385 majoribus
417 318 570 386 nostris
604 334 702 364 cum
737 317 863 363 haud
901 317 1050 363 dubiis
1086 317 1284 365 Gallis
1267 337 1317 366 tn

39 400 160 436 terra
182 388 271 453 sua
296 387 461 452 genitis
494 403 563 434 res
585 399 695 433 erat.
717 385 786 432 Hi
807 381 908 448 jam
929 386 1160 448 degeneres
1168 387 1316 447 sunt

37 454 182 521 misti,
209 456 253 503 δ’
277 455 554 520 Gallograeci
577 453 702 511 vere,
725 454 845 515 quod
860 452 1182 517 appellantur.
1177 453 1319 515 ‘ficut

38 522 88 570 in
112 521 325 589 frugibus
351 520 714 587 pecudibusque,
747 537 837 566 non
867 535 1041 567 tantum
1055 518 1232 584 semina
1251 520 1319 566 ad

29 578 307 656 servandam
341 590 536 637 indolem
572 588 762 644 valent,
799 605 1016 651 quantum
1053 602 1176 635 terrae
1197 605 1322 652 pro-

34 658 214 724 prietas
242 657 425 719 coelique
445 694 462 714 ,
493 656 581 721 sub
613 673 698 718 quo
733 655 922 702 aluntur
943 691 962 711 ,
1007 669 1165 702 mutat.
1195 657 1319 703 Ma·-

41 727 232 774 cedones
253 761 268 784 ‚
308 725 386 788 qui
419 724 760 772 Alexandriam
796 722 843 768 in
868 725 1078 788 AEgypto
1098 759 1111 781 ,
1133 723 1210 786 qui
1229 726 1323 771 Se-

43 793 240 840 leuciam
285 809 340 839 ac
378 791 726 856 Babyloniam,
764 790 924 853 quique
977 789 1099 837 alias
1124 788 1321 855 sparsas

36 877 120 926 per
160 860 323 909 Orbem
351 874 565 906 terrarum
599 857 806 905 colonias
832 857 1028 914 lzabent,
1061 858 1109 904 in
1137 860 1317 921 Syros,

42 928 277 986 Parthos,
296 925 545 992 AEgyptios
576 927 911 991 degenerarunt.
944 925 1086 988 A1aff
1086 926 1180 985 lta
1202 926 1321 973 inter

45 996 219 1045 Gallos
245 997 371 1058 fita,
408 996 552 1042 traxit
590 995 876 1058 aliquantum
912 993 968 1039 ab
1007 994 1177 1041 accolis
1209 995 1316 1041 ani-

43 1080 228 1111 morum.
260 1063 527 1111 Tarentinis
559 1062 671 1126 quid
703 1079 760 1108 ex
805 1063 1039 1124 Spartana
1078 1063 1194 1108 dura
1229 1062 1321 1110 illa

47 1131 93 1180 δ’
127 1131 311 1179 horrida
352 1130 599 1194 disciplina
645 1127 848 1192 mansit?
894 1143 914 1194 ς
959 1130 1226 1196 Generosius
1271 1131 1323 1178 in

36 1198 128 1266 fita
153 1199 371 1263 quicquid
395 1197 501 1261 sede
527 1197 759 1277 gignitur:
783 1196 960 1259 insitum
983 1197 1146 1244 alienae
1166 1211 1327 1255 terrae,

48 1268 99 1316 in
127 1268 178 1313 id
207 1284 292 1331 quo
328 1266 500 1324 alitur,
533 1281 699 1313 natura
740 1277 933 1311 vertente
957 1263 1042 1327 ft,
1073 1266 1329 1331 degenerat.

51 1335 264 1400 Phrygas
299 1335 437 1398 igitur
471 1333 684 1381 Gallicis
705 1346 912 1380 oneratos
944 1333 1083 1380 armis
1103 1370 1116 1393 ‚
1139 1335 1260 1396 scut
1277 1334 1329 1381 irz

48 1404 147 1449 acie
179 1401 404 1449 Antiochi
441 1402 693 1467 cecidistis,
733 1401 871 1447 villos
905 1401 1091 1448 viHores
1127 1401 1331 1450 caedetis.

48 1470 211 1534 Bdagis
255 1469 307 1515 id
330 1485 511 1527 vereor,
544 1487 597 1516 ne
619 1485 783 1533 parum
820 1468 926 1515 inde
959 1468 1114 1533 gloriae
1135 1504 1150 1527 ‚
1194 1468 1328 1535 quam

47 1554 103 1586 ne
131 1537 315 1584 nimium
349 1535 456 1582 belli
477 1537 555 1599 fit.
600 1536 797 1583 Attalus
831 1553 905 1583 eos
945 1554 1026 1583 rex
1049 1537 1169 1601 saepe
1194 1535 1330 1599 fudit

36 1602 330 1670 fugavitque.
354 1604 514 1651 Nolite
548 1604 799 1668 existimare
817 1640 831 1659 ,
868 1603 1045 1650 belluas
1063 1603 1237 1651 tantum
1258 1622 1332 1651 re-

24 1702 28 1703 ν
52 1690 158 1719 cens
193 1687 354 1735 captas
375 1670 605 1734 feritatem
635 1672 766 1718 illam
791 1670 1046 1737 sylvestrem
1065 1672 1212 1736 primo
1226 1672 1335 1736 ser-

44 1757 157 1790 vare
178 1776 193 1798 ,
230 1740 388 1785 deinde
407 1774 422 1796 ‚
454 1755 586 1803 quum
607 1739 687 1785 diu
718 1738 926 1786 manibus
958 1739 1168 1787 humanis
1187 1741 1332 1788 alan-

44 1822 148 1868 tur,
188 1805 407 1867 mitescere
435 1823 455 1863 ,·
506 1807 554 1852 in
583 1807 806 1853 lzotninum
832 1804 1017 1869 feritate
1048 1807 1323 1867 mulcenda,

48 1894 139 1924 non
169 1877 364 1921 eamdem
389 1888 598 1920 ntturam
629 1872 726 1936 effe.
759 1873 1008 1936 Eofilemne
1037 1875 1118 1923 llos
1136 1875 1324 1923 creditis

48 1941 128 2005 effi
150 1978 164 2000 ‚
193 1944 271 2005 qui
303 1956 458 2005 patres
486 1958 632 1988 eorum
660 1942 838 2005 avique
844 1940 1049 2001 fuerunt
1045 1942 1066 1973 Ρ
1104 1944 1326 1991 Extorres

47 2009 219 2073 inopia
249 2026 453 2074 agrorum
476 2007 660 2072 prosecli
687 2011 815 2056 domo
848 2026 928 2073 per
959 2009 1245 2074 asperrimam
1268 2011 1344 2059 Il-

53 2077 733 2142 lyritioranz,·Paeontam1nde
754 2078 797 2124 6ae
821 2078 1088 2136 leraciam,
1113 2096 1329 2144 pugnan-

49 2147 112 2197 do
150 2162 244 2191 cum
272 2143 554 2207 ferociffimis
573 2145 817 2209 gentibus,
853 2146 1044 2207 emensi,
1075 2115 1161 2193 ⁹lzas
1190 2162 1333 2193 terras

52 2228 277 2278 ceperunt.
312 2214 522 2259 Durztos
558 2229 631 2259 eos
671 2226 734 2260 tot
778 2213 915 2259 malis
957 2211 1330 2289 exasperatosque

52 2281 229 2346 accepit
260 2294 376 2327 terra
395 2316 411 2338 ‚
445 2297 539 2343 qua:
572 2280 705 2345 copia
736 2298 877 2328 rerum
908 2281 1102 2328 omnium
1122 2280 1331 2347 sagina·-
1374 2281 1381 2289 ’

123 2392 148 2432 9
169 2378 398 2433 Generosius
419 2380 459 2419 in
472 2377 546 2434 sua
563 2382 670 2436 quic·
734 2382 950 2437 reperitur.
987 2384 1052 2425 Sic
1081 2383 1229 2426 Cicero
1264 2397 1340 2436 pro

60 2441 152 2497 quid
177 2440 270 2494 sede
301 2441 486 2497 gignitur.
507 2442 525 2496 ]
561 2443 671 2482 Nihil
735 2444 901 2485 Cluent.
921 2460 959 2485 n.
984 2457 1037 2496 ς).
1057 2443 1152 2498 3sed
1169 2457 1209 2484 ut
1227 2445 1342 2498 quid-

53 2503 126 2543 Mc
142 2504 305 2542 videtur
327 2517 429 2556 opus
448 2505 524 2543 effe
542 2516 671 2544 muta·
735 2505 827 2560 quid
869 2520 937 2562 ego
981 2507 1304 2564 apprehenderam
1323 2533 1338 2553 ,

60 2564 187 2605 tione.
211 2566 418 2604 Interdum
437 2565 542 2605 enim
559 2566 672 2619 quid·
726 2567 863 2618 statim
901 2565 1106 2619 accusator
1139 2581 1345 2625 extorquet

44 2626 154 2682 ‘quid
197 2639 271 2678 pro
313 2625 474 2679 quidque
504 2627 674 2684 pofitum
736 2626 805 2672 bat
823 2643 842 2674 e
862 2628 1051 2675 manibus.

202 2687 329 2738 Tem.
365 2689 423 2740 V.
1089 2685 1134 2745 Ζ
