1680 3052
296 124 651 182 LIBER
751 114 1034 177 XXXI.
1235 133 1305 197 19

30 188 331 273 {haginienses
357 203 552 252 auxiliis
572 197 760 264 juvzffet
777 237 791 256 ,
815 197 1090 263 injuriasque
1115 196 1516 270 fnfifen“U.c.552.‘

33 276 94 324 do
116 274 255 338 sociis
289 271 450 337 populi
475 272 705 325 Romani,
723 270 952 332 flagrante
979 267 1098 313 bello
1123 267 1265 316 Italici
1291 272 1515 326 ‚a.C.200.

34 340 234 408 coe'giffet
256 338 412 402 claffis
433 335 734 400 exercitufique
758 335 803 381 in
826 335 1050 383 Graeciam
1081 333 1198 379 mitti
1213 351 1236 390 ;
1261 336 1306 381 62

34 410 281 475 distinendo
307 408 463 472 copias
480 442 493 464 ,
516 408 651 464 caula
672 403 891 468 imprimis
909 399 1066 463 fitiffet
1083 400 1234 463 serius
1257 403 1307 449 in

31 473 247 540 Africam
271 473 547 537 trajiciendi.
568 472 725 519 Petere
744 508 759 529 ‚
781 486 830 518 ut
852 471 916 516 ad
942 470 994 516 id
1014 468 1179 515 bellum
1203 470 1309 516 mit-

33 555 144 593 teret
177 543 360 591 auxilia
385 541 693 589 Numidarum
729 538 942 602 equitum.
967 534 1119 585 Dona
1149 536 1311 600 ampla

33 611 147 660 data
172 646 187 670 ,
223 626 328 676 quae
357 607 536 657 ferrent
565 609 666 673 regi
690 644 703 666 ‚
734 604 845 655 vasa
881 621 1023 653 aurea
1056 618 1312 671 argentea-

34 695 129 745 que
149 715 164 739 ,
192 681 218 723 6
249 692 363 743 toga
395 692 666 742 purpurea,
691 673 742 722 &
774 674 982 738 palmata
1011 673 1171 721 tunica
1197 689 1308 721 cum

33 745 247 795 eburneo
265 744 476 809 scipione
496 781 509 801 ‚
535 744 586 791 &
613 757 728 808 toga
759 755 988 806 praetexta
1018 757 1128 788 cum
1159 740 1311 788 curuli

32 811 173 862 sella:
196 811 293 876 juffi
332 829 392 860 ue
422 812 672 877 polliceri,
695 831 717 866 7
744 807 776 855 s1
808 809 923 875 quid
948 809 992 857 ei
1023 809 1084 855 ad
1110 806 1310 856 firman-

32 880 149 930 dum
183 831 554 946 augeciedumque
589 894 791 944 regnum
829 895 951 941 opus
987 875 1080 924 esse
1108 874 1310 938 judicas·

31 946 99 998 set
121 986 136 1010 ‚
167 949 305 997 enixe
339 947 387 995 id
418 947 655 1012 populum
684 943 965 993 Romanum
994 946 1167 993 merito
1203 944 1308 1008 ejus

30 1015 377 1083 praestaturum.
411 1014 660 1063 Verminae
707 1029 900 1078 quoque
943 1011 1179 1077 Syphacis
1222 1011 1306 1061 filii
1320 1029 1514 1075 Vermina

32 1084 176 1151 legati
213 1101 298 1149 per
336 1100 422 1132 eos
459 1083 559 1132 dies
598 1080 811 1130 senatum
851 1080 1068 1128 adierunt
1100 1118 1117 1142 ‚
1152 1097 1304 1130 excu-
1320 1095 1511 1150 Syphacis

32 1151 185 1201 santes
223 1168 438 1201 errorem
476 1149 943 1213 adolescentiamque
973 1185 988 1206 ,
1025 1148 1076 1197 δε
1113 1149 1512 1215 culpamfiliilega·

33 1236 232 1271 omnem
263 1223 311 1268 in
342 1219 562 1268 fraudem
585 1215 1052 1283 Carthaginiensium
1081 1233 1307 1267 averten-
1320 1219 1370 1262 ti.

31 1298 125 1338 tes.
160 1291 226 1336 Et
258 1286 541 1353 Mafirziffam
580 1288 805 1335 Romanis
849 1304 905 1332 ex
952 1287 1064 1351 hoste
1113 1287 1310 1335 amicum

22 1353 214 1424 fufium.
235 1359 488 1406 Verminam
518 1373 691 1421 quoque
716 1353 990 1402 annixurum
1016 1389 1034 1410 ,
1065 1372 1120 1401 ne
1147 1354 1311 1421 officiis

31 1423 82 1472 in
107 1425 327 1490 populum
357 1427 611 1471 Romanum
648 1437 730 1470 aut
756 1441 785 1469 a
823 1419 1061 1486 Mafiniffiz
1083 1457 1101 1480 ‚
1138 1438 1220 1471 aut
1251 1424 1312 1471 ab

31 1491 131 1540 ullo
170 1493 265 1539 alio
301 1492 527 1539 vincatur.
559 1491 719 1539 Petere
758 1504 808 1537 ut
840 1507 920 1536 rex
943 1526 960 1547 ‚
987 1489 1224 1555 fhciusque
1265 1491 1313 1542 G·

31 1560 206 1608 amicus
234 1559 292 1606 ab
313 1559 478 1624 finatu
507 1559 833 1624 appellaretur.
854 1555 1155 1624 Responsum
1184 1559 1315 1626 lega-

32 1627 93 1675 tis
120 1624 187 1676 est
208 1664 223 1686 ‚
253 1629 320 1674 Et
348 1643 523 1693 patrem
560 1625 656 1691 ejus
690 1627 943 1692 Syphacem
965 1628 1064 1690 fine
1094 1628 1232 1692 causa
1255 1645 1316 1676 ex

22 1694 153 1761 ficio
181 1696 225 1744 6·
257 1697 402 1761 amico
430 1696 586 1761 hostem
615 1696 791 1760 repente
816 1695 981 1759 populi
1003 1697 1204 1744 Romani
1225 1694 1316 1761 fa·-

34 1765 147 1810 llum
186 1781 198 1811 :
238 1763 282 1811 6·
333 1781 428 1811 eum
474 1765 620 1828 ipsum
660 1764 956 1811 rudimentum
1001 1765 1318 1827 adolescentia

35 1828 152 1878 bello
176 1829 451 1894 laceffentem
476 1833 710 1881 Romanos
739 1829 945 1896 posuiffe.
966 1832 1125 1896 Itaque
1146 1850 1318 1898 pacem

36 1895 113 1945 illi
137 1899 266 1962 prius
288 1902 528 1964 petendam
553 1919 583 1947 a
608 1900 780 1965 populo
799 1902 1007 1948 Romano
1036 1898 1152 1964 effi,
1176 1901 1311 1965 quam

36 1979 88 2014 ut
119 1983 199 2013 rex
220 2002 237 2023 ,
257 1967 491 2033 sociusque
520 1968 566 2016 ’ἃ
595 1971 769 2016 amicus
796 1969 1068 2034 appelletur.
1094 1970 1313 2018 Nominis

36 2029 136 2098 ejzts
169 2033 374 2081 honorem
409 2054 496 2101 pro
530 2034 708 2101 maguis
739 2055 840 2102 erga
866 2037 918 2098 se
960 2054 1105 2102 regum
1139 2038 1312 2087 meritis

36 2101 146 2148 dare
168 2101 388 2166 populum
419 2106 673 2153 Romanum
709 2102 944 2168 consueffe.
978 2107 1174 2169 Legatos
1204 2108 1314 2153 Ro-

37 2185 196 2232 manos
223 2171 270 2217 in
302 2166 470 2234 Africa
489 2170 591 2235 fore
614 2190 626 2219 :
647 2173 810 2236 quibus
833 2173 1150 2220 mandaturum
1173 2172 1313 2234 steria-

35 2248 169 2294 muz,
211 2252 261 2286 ut
298 2240 516 2288 Verminae
549 2240 684 2306 pacis
721 2242 827 2288 dent
860 2239 977 2307 leges
1006 2275 1023 2300 ‚
1058 2245 1081 2285 8
1120 2240 1310 2290 liberum

99 2347 127 2389 6
157 2347 266 2404 Toga
282 2363 479 2404 purpurea
494 2349 639 2406 &pcd-
701 2351 846 2392 Sensus
874 2352 980 2391 enim
1008 2350 1086 2392 effe
1110 2351 1232 2393 debet
1254 2366 1263 2392 τ
1284 2351 1311 2393 fi

41 2421 145 2448 mata
159 2410 336 2463 tunica]
359 2412 456 2452 Vid.
480 2424 567 2453 not.
589 2412 639 2452 ad
702 2414 797 2468 quid
851 2413 917 2453 fibi
964 2412 1158 2454 Mafiniffa
1208 2426 1312 2468 opus

39 2469 71 2510 l.
87 2467 148 2520 X,
161 2485 197 2512 c.
212 2485 254 2521 7.
273 2471 338 2512 De
356 2483 450 2528 toga
469 2486 639 2527 praetex·
702 2474 780 2515 effe
817 2473 1037 2528 judicasset.

41 2538 83 2570 ta
103 2531 142 2570 δι
168 2533 257 2572 sella
285 2534 411 2574 curuli
429 2563 440 2583 ,
475 2535 560 2577 vid.
589 2535 639 2576 ad
766 2535 789 2576 8
820 2535 1000 2576 Liberum
1030 2535 1230 2576 arbitrium
1256 2534 1310 2575 eis

37 2591 70 2631 l·
90 2591 105 2631 Ῑ
128 2618 139 2638 ›
160 2606 194 2632 C·
215 2593 256 2634 8·
553 2598 561 2600 ξ
694 2600 847 2653 populo
870 2597 1048 2637 Romano
1076 2596 1309 2650 permitten-

101 2664 129 2712 7
151 2651 197 2693 Si
213 2654 303 2711 quid
315 2655 384 2712 eL]
398 2655 506 2715 Lege
523 2657 636 2713 ,fibi.
699 2659 786 2715 ta]
806 2657 975 2702 Minime
994 2658 1163 2700 dubitari
1177 2656 1315 2715 potest
