1680 3052
349 125 530 206 ⁴378⁴
632 123 901 187 T1T1
1000 129 1336 187 L1v11
1582 190 1609 207 U,

149 208 554 274 U.c.561,triadem
582 211 798 261 remittit.
828 210 1092 260 Pro'e'rnam
1125 212 1243 261 inde
1268 212 1484 278 recepit,
1517 217 1539 279 3
1565 205 1618 265 δέ

149 274 318 330 a‘'C-191
349 297 454 345 quae
481 280 602 327 circa
633 297 738 328 eam
771 279 962 328 castella
991 279 1357 328 erant.Ducere
1381 295 1480 329 tum
1507 293 1621 348 pof-

348 365 404 395 ro
429 348 478 395 in
497 346 697 408 4s1num
725 347 989 396 Maliacum
1020 350 1184 412 coepit.
1211 349 1623 415 Appropinquarf-

347 430 398 464 te
437 415 656 464 faucibus
688 454 701 476 ‚
749 415 889 482 super
924 433 1040 482 quas
1074 414 1146 464 siti
1177 414 1448 464 Thaumaci
1485 417 1586 467 sunt
1607 456 1624 480 ,

346 483 535 533 deserta
559 486 676 532 urhe
700 523 713 541 ‚
739 481 966 548 juventus
994 487 1151 532 omnis
1176 499 1359 532 armata
1388 483 1547 550 sylvas
1574 489 1625 535 &

347 553 518 601 itinera
554 552 756 611 insedit,
783 553 835 602 &
871 554 920 600 in
949 569 1123 620 agmen
1150 551 1429 601 Romanum
1458 570 1516 601 ex
1552 552 1627 602 sud

341 621 616 687 perioribus
650 621 770 670 locis
801 620 1073 670 incursavit.
1107 619 1292 670 Consul
1321 621 1480 686 primo
1513 624 1628 670 mit-

342 698 446 737 tere
471 728 485 747 ,
512 691 592 755 qui
624 706 684 738 ex
718 691 998 756 propinquo
1034 690 1373 755 colloquentes
1412 690 1627 738 deterre}

342 770 451 806 rent
486 775 573 807 eos
604 775 629 805 a
658 758 739 806 tali
772 757 962 816 furore3
985 756 1296 824 posteaquam
1318 757 1627 823 perseverare

343 826 394 875 in
434 828 654 892 incoepto
687 826 848 886 vidit,
885 828 1080 875 tribuno
1112 842 1130 892 5
1173 845 1282 876 cum
1315 826 1521 875 duorum
1564 826 1631 875 tia*-

343 911 555 962 gnorum
596 895 826 944 militibus
869 893 1189 944 circummisso
1214 932 1229 955 ‚
1269 893 1529 944 interclusit
1573 895 1632 945 ad

341 962 515 1010 urbem
560 964 651 1011 iter
690 965 881 1012 armatis
906 1002 921 1024 ‚
971 981 1276 1030 vacuamque
1314 980 1423 1012 eam
1466 963 1632 1028 cepit}

343 1043 449 1079 tum
492 1032 707 1081 clamore
751 1033 811 1080 ab
862 1047 1000 1099 tergo
1049 1047 1202 1097 captae
1253 1031 1381 1082 urbis
1426 1031 1634 1094 audito,

341 1098 685 1166 refugientium
735 1100 948 1165 undique
991 1117 1050 1148 ex
1101 1100 1250 1167 sylvis
1302 1098 1632 1149 insidiatorum

342 1168 497 1215 caedes
523 1167 642 1215 facta
673 1166 756 1217 est.
785 1168 830 1217 A
859 1168 1150 1217 Thaumacis
1179 1169 1333 1217 altero
1365 1169 1442 1217 die
1469 1167 1636 1218 consu}

344 1236 406 1284 ad
442 1235 730 1302 Sperchium
769 1255 962 1286 amnem
1003 1239 1228 1304 pervenit
1257 1236 1409 1287 :inde
1446 1237 1633 1305 Hypa-

340 1316 549 1354 taeorum
584 1322 726 1373 agros
760 1304 980 1357 vastavit.

407 1372 528 1423 XV.
557 1372 728 1439 Quum
774 1375 875 1423 haec
911 1374 1213 1442 agebantur,
1250 1372 1486 1425 Chalcide
1528 1387 1629 1424 erat

337 1439 646 1502 Antiochu53
679 1443 758 1509 qui
797 1442 893 1506 jam
928 1458 1029 1491 tum
1063 1460 1264 1492 cernens
1288 1481 1300 1502 ‚
1336 1443 1451 1490 nihil
1489 1440 1536 1492 se
1569 1459 1630 1492 ex

341 1507 534 1573 Graecia
555 1548 570 1570 ,
611 1528 785 1577 praeter
814 1529 1010 1560 amoena
1047 1509 1281 1561 Chalcide
1312 1511 1514 1560 hiberna
1539 1549 1553 1572 ‚
1580 1512 1633 1560 &

342 1576 376 1627 6
400 1578 603 1628 infames
629 1581 819 1646 nuptias
840 1579 1039 1648 petisse,
1061 1580 1337 1630 AEtolorum
1365 1598 1490 1629 vana
1513 1597 1633 1646 pro-

344 1646 479 1697 missa
505 1647 717 1699 incusare
736 1686 750 1709 ‚
787 1649 842 1699 &
870 1647 1150 1699 Thoantem
1184 1665 1195 1698 t
1227 1648 1522 1698 Annibalem
1542 1665 1636 1700 ve-

347 1716 407 1765 ro
426 1753 441 1778 ‚
476 1734 579 1766 non
602 1733 653 1769 ut
684 1718 976 1784 prudentem
996 1719 1183 1767 tantum
1199 1719 1353 1766 virum
1376 1755 1390 1779 ,
1408 1716 1489 1768 secl
1513 1736 1636 1784 pro-

346 1802 413 1852 pe
454 1801 618 1835 vatem
654 1789 873 1835 omnium
906 1805 1012 1854 quae
1043 1799 1145 1834 tum
1168 1789 1452 1847 evenirent,
1475 1787 1635 1835 admi-

346 1856 456 1902 rari.
489 1853 566 1904 Ne
592 1870 754 1904 tamen
790 1870 975 1905 temere
1009 1869 1172 1919 coepta
1204 1854 1406 1922 segnitia
1438 1854 1634 1921 insuper

346 1937 622 1982 everteret,
652 1926 855 1973 nuncios
890 1926 938 1972 in
969 1923 1198 1973 AEtoliam
1235 1924 1412 1983 mittit,
1448 1939 1499 1972 ut
1524 1941 1636 1972 om-

352 1992 401 2039 ni
429 1992 673 2040 contracta
701 1990 954 2053 iuventute
980 1993 1316 2041 convenirent.
1341 1991 1446 2041 Jam
1471 1990 1637 2058 &ipse

264 2082 295 2086 ··
356 2062 418 2109 eo
443 2060 610 2109 decem
639 2062 785 2109 millia
817 2060 917 2110 fere
935 2060 1186 2127 peditum,
1217 2078 1276 2110 ex
1308 2063 1363 2111 iis
1397 2062 1477 2127 qui
1505 2059 1641 2127 post-

355 2144 412 2176 ea
446 2145 682 2178 venerant
716 2147 775 2178 ex
810 2129 921 2178 Asia
948 2128 1173 2195 expleta,
1200 2129 1252 2179 ὃ(
1282 2131 1466 2197 equites
1495 2131 1638 2195 quin·

354 2212 531 2263 gentos
561 2197 711 2246 duxit.
751 2197 874 2262 Quo
909 2216 1057 2265 quum
1093 2199 1339 2265 aliquanto
1383 2201 1640 2265 pauciores

350 2264 496 2332 quam
535 2283 743 2333 unquam
780 2283 922 2317 antea
955 2267 1288 2317 convenissent
1311 2307 1326 2331 ,
1363 2267 1416 2316 ὃς
1449 2268 1637 2333 princi-

413 2389 432 2428 3
451 2379 506 2418 Et
520 2394 598 2433 qrzae
611 2380 809 2419 circaeam
823 2382 958 2431 castel·
1089 2393 1105 2433 5
1135 2383 1226 2421 Cum
1253 2383 1411 2422 duorum
1432 2381 1632 2437 signorum

345 2439 434 2493 la.]
459 2440 687 2497 Elegantius
707 2442 857 2483 abeffet
875 2458 958 2484 vox
1020 2442 1258 2497 militibus]
1282 2444 1380 2486 Vid.
1398 2454 1489 2485 not.
1518 2454 1534 2483 1
1556 2471 1567 2491 ,
1585 2441 1636 2484 ad

349 2516 447 2544 eam.
1022 2504 1210 2545 XXXIII
1235 2534 1243 2552 ,
1276 2518 1311 2546 1.

409 2576 436 2612 4
482 2563 618 2605 Sinum
665 2564 953 2619 Maliacum]
1086 2566 1110 2605 6
1169 2565 1344 2620 Infantes
1407 2564 1638 2622 nuptias]

345 2624 444 2665 Vid.
495 2626 606 2680 supra
656 2639 743 2670 not.
804 2641 820 2669 ι
855 2656 866 2678 ,
908 2628 957 2668 ad
1021 2627 1194 2679 Nuptias
1259 2644 1399 2681 parum
1462 2630 1639 2670 decoras-

347 2684 520 2732 XXXV
549 2716 562 2738 ‚
601 2700 675 2743 370
1026 2700 1141 2731 tanto
1179 2692 1283 2748 regi.
