1680 3052
299 140 662 199 Lmen
745 134 1080 196 XXXII.
1218 151 1328 213 109

51 217 262 271 biturum
285 259 300 282 ‚
335 220 474 268 minis
508 217 746 285 pervicit,
778 231 828 264 ut
858 214 1052 282 postero
1087 215 1164 264 die
1199 231 1414 275 εστι-ης
1437 235 1535 282 5544.

47 286 276 356 jungeret
307 289 362 337 iis
394 287 440 336 se
466 325 482 346 ,
509 289 589 353 qui
613 284 885 334 referebant
912 302 922 330 ε
946 285 1028 349 qui
1051 300 1198 348 quum
1218 285 1326 348 plu·
1339 286 1530 339 a.C,198.

56 374 133 406 res
168 356 278 405 faffi
307 355 538 405 referrent
558 391 572 414 ‚
604 352 828 403 omnibus
858 350 959 400 fere
981 350 1172 416 populis
1202 352 1330 400 haud

57 423 205 473 dubie
242 423 618 491 approbantibus
646 421 964 477 relationem,
985 435 1038 466 ac
1069 435 1164 483 prae
1195 417 1240 466 se
1260 418 1336 466 fe-

55 492 269 542 tentibus
322 491 436 557 quid
490 491 721 540 decreturi
773 487 958 544 effent3
997 484 1203 551 Dymaei
1223 522 1238 540 .
1278 502 1334 533 ac

56 558 497 626 Megalopolitani,
533 559 585 607 &
607 556 801 624 quidam
823 555 1121 622 Argivorum
1137 590 1154 611 ‚
1177 551 1336 618 prius-

57 643 203 693 quam
235 626 481 675 decretum
515 626 687 685 fieret,
718 622 1148 680 consurrexerunt,
1180 638 1236 669 ac
1256 636 1337 669 re-

52 693 294 760 liquerunt
320 695 579 743 concilium
610 710 621 741 ε
652 708 810 759 neque
843 693 1043 740 mirante
1076 689 1211 748 ullo,
1237 704 1334 737 ne-

55 777 150 825 que
179 762 504 827 improbante.
534 760 665 810 Nam
701 777 720 825 5
746 758 1193 826 Megalopolitanos
1209 774 1334 805 avo·

50 844 159 876 rum
196 830 435 878 memoria
482 829 639 895 pulsos
679 828 738 876 ab
775 826 1157 877 Lacedaemoniis
1190 822 1334 874 resti-

52 908 212 946 tuerat
242 898 291 946 in
317 899 520 963 patriam
542 897 822 963 Antigonus
851 913 862 943 τ
902 895 954 943 &
992 893 1217 958 Dymaeis
1245 910 1334 942 ca-

52 964 150 1030 ptis
200 981 354 1030 nuper
400 965 688 1031 direptisque
730 963 789 1012 ab
822 964 1033 1012 exercitu
1067 959 1334 1023 Romano,

53 1048 204 1097 quum
243 1033 413 1082 redimi
446 1049 532 1082 eos
566 1032 858 1098 ubicumque
891 1030 1121 1079 servirent
1144 1028 1335 1096 Philip-

53 1115 142 1165 pus
177 1096 398 1164 juffiss'et,
431 1119 530 1150 non
564 1100 832 1150 libertatem
856 1099 1007 1148 modo
1028 1135 1044 1157 ,
1070 1097 1150 1146 sed
1185 1100 1333 1147 etiam

50 1168 257 1233 patriam
295 1169 585 1218 reddiderat.
633 1167 738 1217 Jam
773 1169 977 1234 Argivi,
1011 1181 1333 1232 praeterquam

52 1234 188 1300 quod
229 1235 563 1287 Macedonum
604 1252 741 1303 reges
776 1236 836 1283 ab
871 1234 917 1283 se
950 1235 1183 1283 oriundos
1217 1251 1332 1283 cre-

52 1302 174 1351 dunt
192 1342 206 1364 ,
230 1307 428 1370 privatis
447 1306 590 1354 etiam
608 1303 823 1369 hospitiis
845 1340 858 1361 ,
879 1302 1192 1367 familiarique
1214 1305 1335 1352 ami·

55 1371 167 1419 ciria
201 1374 418 1440 plerique
463 1374 628 1440 illigati
666 1371 889 1438 Philippo
924 1384 1077 1419 erant.
1114 1367 1200 1418 Ob
1228 1372 1333 1421 haec

43 1440 299 1500 concilio,
334 1441 466 1507 quod
500 1443 812 1490 inclinaverat
853 1439 911 1489 ad
946 1437 1221 1488 Romanam
1255 1439 1335 1488 so·

51 1507 278 1556 cietatem
309 1504 604 1572 iubendam,
636 1507 933 1558 excesserunt
970 1524 982 1556 ε
1017 1509 1259 1573 veniaque
1278 1510 1333 1557 iis

50 1571 192 1638 hujus
222 1575 489 1626 seceffionis
510 1576 598 1626 fuit
617 1615 633 1639 ‚
664 1577 717 1628 δι
747 1577 963 1646 magnis,
989 1575 1040 1626 ὅ(
1058 1576 1333 1627 recentibus

48 1642 273 1710 obligatis
310 1644 575 1696 beneficiis.

117 1710 303 1763 XXIII.
360 1712 527 1763 Ceteri
577 1714 748 1780 populi
798 1713 1095 1763 Achaeorum
1120 1751 1136 1774 .,
1176 1731 1324 1781 quum
1408 1730 1532 1776 Paffa

45 1778 290 1830 sententiae
333 1799 737 1851 perrogaoemur,
769 1782 1050 1832 societatem
1085 1800 1191 1830 cum
1229 1783 1442 1836 At-inter
1465 1798 1534 1836 A-

44 1848 143 1897 talo
164 1867 217 1897 ac
239 1848 443 1899 Rhodiis
471 1851 689 1917 praesenti
720 1850 918 1901 decreto
942 1849 1287 1900 confirmarunt
1311 1859 1457 1901 :cbaeos
1490 1858 1530 1899 ὃ·

48 1933 158 1965 cum
185 1915 420 1968 Romanis
442 1957 454 1978 ,
491 1921 600 1986 quia
629 1916 796 1982 injuss'u
823 1920 992 1986 populi
1013 1938 1111 1969 non
1130 1936 1322 1985 poterat
1340 1919 1491 1959 Roma-

44 1999 146 2032 rata
167 1984 258 2034 effe
276 2024 290 2047 ‚
323 1988 370 2035 in
403 1987 452 2035 id
474 2001 666 2051 tempus
692 2005 787 2052 quo
808 1987 1020 2036 Romam
1049 1990 1174 2037 mitti
1196 1991 1322 2055 lega·
1337 1997 1406 2050 '²5³⁵
1452 1977 1528 2036 s0‘

39 2052 76 2100 ti
112 2051 332 2118 poffent,
365 2055 509 2105 dilata
538 2055 605 2105 est
634 2072 644 2103 :
675 2057 722 2103 in
752 2055 1000 2121 praesentia
1019 2071 1113 2105 tres
1133 2057 1319 2124 legatos
1335 2056 1474 2087 “em'‘

44 2120 107 2170 ad
144 2120 201 2171 L.
239 2120 501 2186 Quintium
544 2125 668 2173 mitti
719 2126 932 2189 placuit,
970 2125 1021 2174 ὃ(
1058 2126 1324 2177 exercitum

112 2256 128 2299 5
156 2245 525 2302 Megalopolitanos
550 2265 649 2290 avo·
711 2251 927 2291 etiamnum
948 2248 985 2289 in
1015 2250 1149 2291 medio
1168 2253 1321 2294 robore

42 2321 122 2348 rum
148 2310 347 2349 memoria.
372 2311 379 2358 ζ
403 2311 648 2353 Cleomenes
710 2312 853 2352 virium
882 2311 935 2350 est
954 2339 965 2359 ‚
1005 2311 1045 2351 ὅ(
1076 2315 1252 2353 eversam
1277 2317 1321 2356 &

41 2367 369 2412 Lacedaemonius
403 2387 474 2413 rex
502 2373 650 2427 Mega·
707 2372 927 2414 restitutam
944 2373 1238 2428 Megalopolim
1261 2376 1323 2416 vi-

42 2429 211 2481 lopolim
230 2434 337 2485 cepit
353 2448 400 2474 ac
419 2435 551 2476 diruit.
566 2435 646 2475 An·
710 2436 838 2476 derat.
855 2434 976 2475 Unde
994 2449 1073 2474 non
1095 2436 1186 2476 satis
1202 2451 1322 2478 accu-

43 2491 203 2545 tigonus
221 2495 389 2536 restituit
404 2524 414 2543 ,
432 2497 536 2538 haud
557 2496 648 2536 sane
710 2509 834 2537 ratam
861 2497 1023 2536 videtur
1045 2497 1182 2537 Livius
1215 2508 1321 2540 tem·

42 2551 209 2594 multum
257 2568 468 2611 antequam
515 2569 646 2599 morte
709 2573 850 2612 porum
891 2558 1086 2598 rationem
1131 2560 1279 2599 habere
1300 2588 1315 2609 ‚

44 2613 111 2653 [υἷι
130 2629 293 2669 regnum
316 2617 497 2673 Philippo
515 2622 647 2660 trade·
710 2635 827 2673 quum
856 2620 893 2660 id
923 2619 1067 2659 fail-um
1094 2620 1189 2663 dicit
1216 2635 1320 2665 avo-

40 2687 122 2720 zet.
156 2677 293 2734 ltaque
321 2679 524 2736 Philippus
543 2713 556 2735 ‚
579 2682 646 2737 qui
707 2685 789 2723 r‘uzn
808 2682 1009 2727 memorid.
1308 2670 1317 2681 ⁸
