1680 3052
320 123 448 184 152
617 105 1384 165 T1T1L1v11“

129 195 180 238 U.
188 208 222 238 c
232 207 316 249 555
329 187 446 248 bat,
484 187 537 238 δί
568 189 634 238 ita
664 191 714 236 in
743 187 930 237 foedere
966 191 1125 256 primo
1164 203 1354 237 cautum
1395 183 1524 249 esse,
1559 193 1615 239 uf

128 252 219 295 a..C
228 264 317 306 197·
331 226 446 305 belli
496 257 661 320 praeda
692 273 949 322 rerumque
997 275 1102 322 quae
1142 255 1261 305 ferri
1291 258 1460 323 agique
1495 256 1614 321 pos·-

331 320 465 383 sem,
499 323 787 383 Romanos;
826 340 939 390 ager
970 323 1206 389 urbesque
1238 340 1387 389 captae
1421 325 1616 373 AEtolos

334 391 664 458 sequerentur.
697 398 820 449 Vos,
821 393 1030 458 inquit,
1056 390 1616 457 ipfi‚QuintiuS‚socie-

337 463 450 508 tatis
477 463 601 526 istius
625 462 742 525 leges
762 462 939 526 rupistis
954 496 970 520 ,
1002 479 1087 525 quo
1104 475 1296 526 tempore
1314 497 1330 518 ,
1353 462 1516 508 reliais
1534 479 1618 508 no-

339 527 409 575 bis
430 565 444 587 ‚
469 547 568 576 cum
595 529 819 593 Philippo
851 546 1010 593 pacem
1031 525 1202 594 fecistis
1226 546 1240 576 .·
1262 546 1357 594 quae
1387 530 1434 592 si
1465 546 1620 575 mane-

339 612 407 644 ret
425 633 441 654 ,
461 613 698 662 captarum
718 612 867 644 tamen
896 596 1074 653 urbium
1097 597 1185 644 illa
1204 596 1281 644 lex
1304 595 1457 660 foret:
1485 594 1621 660 leef'-
1679 644 1680 647 ,

332 664 466 730 saliae
496 666 710 712 civitates
737 663 829 728 sud
851 664 1087 713 voluntate
1125 666 1172 712 in
1196 664 1411 717 ditionem
1433 665 1623 728 nostram

320 747 574 786 venerunt.
611 732 732 780 Haec
764 749 874 780 cum
913 733 1132 781 omnium
1167 731 1405 780 sociorum
1443 730 1623 780 assensu

340 798 494 860 ὀὶξὶει,
526 799 697 849 AEtolis
713 817 815 849 non
840 802 886 848 in
917 799 1341 866 praesentiamodb
1363 802 1525 866 gravia
1541 816 1625 848 au·-

343 868 445 917 ditu
467 905 481 926 ‚
513 866 594 916 sed
617 885 732 918 mox
761 868 877 917 belli
897 870 1044 917 etiam
1070 883 1090 933 5
1116 868 1262 917 causae
1283 905 1296 926 ‚
1316 886 1626 934 magnarum-

212 939 303 981 Pax
345 953 438 1002 que
463 953 520 984 ex
549 954 610 985 eo
644 936 852 986 cladium
875 974 889 995 ‚
918 938 973 984 iis
1003 936 1212 985 fuerunt.
1246 935 1375 984 Cum
1405 937 1628 1002 Philippo

135 1003 408 1053 '‘mrem-ita
443 1006 677 1054 convenit
699 1042 713 1064 ‚
748 1020 801 1054 ut
826 1002 1137 1053 Demetrium
1179 1003 1360 1065 filium,
1391 1005 1443 1052 ὃς
1476 1003 1630 1069 quos-

346 1074 458 1122 dam
497 1089 555 1121 ex
596 1073 864 1121 amicorum
886 1090 1091 1122 numero
1116 1071 1306 1121 obfides
1333 1110 1347 1131 ‚
1385 1072 1437 1120 ὃ(
1474 1073 1505 1121 6
1529 1073 1630 1120 du-

341 1157 484 1191 centa
520 1141 700 1191 talenta
737 1140 908 1201 daret,
895 1157 905 1168 ·
941 1142 1001 1190 de
1035 1142 1206 1191 ceteris
1229 1139 1441 1188 Romam
1463 1141 1633 1190 mitten-

341 1226 415 1260 ret
446 1210 632 1277 legatos
664 1227 675 1259 ε
709 1210 770 1258 ad
808 1226 916 1259 eam
945 1226 1050 1259 rem
1071 1223 1276 1276 quatuor
1297 1208 1562 1258 mensium
1551 1223 1633 1258 m·-

342 1280 499 1328 duciae
533 1277 698 1328 essent.
732 1277 781 1329 Si
817 1297 911 1346 pax
944 1294 1046 1327 non
1080 1281 1336 1345 impetrata
1372 1278 1430 1327 ab
1465 1277 1632 1329 senatu

341 1336 500 1408 foret,
524 1347 717 1397 obfides
737 1349 1092 1415 pecuniamque
1107 1346 1243 1396 reddi
1263 1345 1489 1413 Philippo
1504 1363 1534 1410 7
1554 1363 1633 1396 re-

344 1432 540 1482 ceptum
576 1414 657 1466 est.
678 1414 834 1466 Causa
852 1415 1081 1466 Romano
1111 1417 1395 1482 imperatori
1419 1434 1519 1465 non
1538 1415 1629 1465 alia
1656 1447 1664 1452 »

343 1502 505 1548 major
546 1483 678 1534 fuisse
726 1485 899 1534 dicitur
939 1486 1070 1549 pacis
1119 1484 1446 1543 maturandae,
1484 1500 1632 1549 quam

345 1554 479 1620 qubd
516 1553 820 1602 Antiochum
860 1553 1043 1603 beilum
1080 1551 1424 1620 transitumque
1463 1554 1510 1601 in
1537 1550 1635 1601 Eu-

345 1640 518 1688 ropam
555 1622 714 1670 moliri
748 1619 1012 1672 constabat.

170 1687 335 1734 'Andro
418 1689 562 1738 XIV.
601 1689 791 1739 Eodem
824 1705 1085 1754 tempore,
1120 1703 1301 1756 atque,
1339 1703 1390 1739 ut
1436 1689 1633 1756 quidam

137 1755 285 1807 sthenzs
349 1759 623 1819 tradidere,
660 1759 840 1809 eodem
858 1760 933 1809 die
959 1760 1018 1808 ad
1040 1757 1332 1808 Corinthum
1352 1757 1522 1807 Achaei
1542 1757 1635 1808 du—

146 1817 199 1884 asi
263 1816 337 1853 ⁶⁰
353 1844 462 1876 cem
508 1830 691 1894 regium
722 1826 1116 1877 Androsthenem
1144 1824 1270 1892 justo
1304 1828 1471 1893 praelio
1495 1826 1637 1876 fude-

147 1876 341 1975 '²²²¹th
354 1915 419 1944 ru
413 1911 478 1945 it
513 1895 630 1943 Eam
664 1897 833 1945 urbem
864 1915 953 1964 pro
981 1913 1088 1946 arce
1114 1895 1359 1944 habiturus
1385 1895 1634 1962 Philippus

148 1953 261 2040 222⁵
354 1963 586 2013 adversus
630 1962 834 2014 Graeciae
880 1965 1129 2024 civitates,
1161 1964 1212 2012 &
1246 1965 1487 2031 principes
1519 1964 1634 2014 inde

177 2077 199 2099 u
227 2073 296 2100 na
353 2049 589 2083 evocatos
634 2050 723 2099 per
767 2032 816 2099 sp
823 2035 974 2082 eciem
1012 2033 1358 2097 colloquendi,
1399 2048 1633 2098 quantum

145 2076 174 2118 p
199 2075 226 2119 g
350 2103 568 2167 equitum
597 2101 710 2150 daie
738 2053 978 2151 Corinthii
1000 2102 1061 2150 ad
1092 2099 1275 2150 bellum
1305 2099 1527 2168 possent,
1558 2118 1636 2149 re-

348 2171 557 2219 tinuerat
593 2187 684 2234 pro
740 2169 1016 2228 obsidibus,
1054 2170 1106 2219 &
1141 2182 1317 2234 praeter
1345 2171 1636 2236 quingentos

350 2236 969 2305 MacedonaS,1nistosque
989 2255 1047 2286 ex
1071 2237 1206 2286 omni
1230 2253 1406 2303 genere
1424 2237 1633 2287 auxilio-

347 2323 455 2356 rum
492 2305 827 2373 offingemoe,
860 2306 890 2357 8
926 2304 1104 2374 quod
1094 2322 1193 2372 jam
1224 2305 1331 2355 ante
1362 2306 1429 2355 ibi
1450 2305 1635 2368 fuerat,

420 2420 438 2462 5
509 2406 655 2465 Causae.
682 2409 698 2461 J
749 2409 961 2452 vellemus
1087 2426 1113 2464 7
1150 2410 1365 2463 Receptum
1397 2408 1462 2460 est.
1482 2408 1499 2462 ]
1535 2407 1641 2450 Pro·

351 2468 487 2525 causa.
1026 2472 1176 2515 missum
1210 2471 1279 2511 est.

418 2532 444 2574 6
494 2533 685 2574 Ducenta
744 2534 914 2574 talenta.
940 2533 959 2587 ]
1091 2535 1113 2575 8
1141 2532 1354 2587 Qnodjatn
1371 2530 1460 2572 αητὲ
1479 2529 1633 2585 ibifise-

355 2593 521 2636 Marcas
567 2595 724 2655 argenti
768 2595 964 2641 nostrates
1025 2609 1104 2638 rat.
1116 2595 1261 2649 ]Vide
1268 2605 1330 2637 tur
1348 2594 1531 2638 excidisse
1549 2607 1634 2638 vox

358 2656 447 2710 187
456 2667 530 2711 50
1022 2674 1067 2717 p·
1055 2656 1261 2715 ·ιε]ἱ.ἰὶιιηι.
