1680 3052
255 130 337 203 '54
545 116 819 183 'rr-rx
907 124 1259 183 L1v11

53 203 321 276 Hesp-ad
351 201 537 253 caedem
557 243 573 267 ‚
602 202 1045 255 interficiebantur:
1067 206 1265 255 tandem
1294 205 1421 256 inter
1441 215 1552 258 mei

56 281 241 324 a.C.200-
261 272 362 320 dias
397 271 605 322 hostium
647 273 875 322 stationes
915 272 1060 339 elapsi
1099 274 1294 341 quidam
1335 276 1549 342 trepidi,

251 341 531 458 Itumulturrsi}
560 343 712 410 magis
753 341 900 409 qu*am
931 358 1119 391 certum
1152 342 1382 392 nuncium
1408 346 1547 393 intu-
1590 370 1595 374 ’

276 424 413 459 erunt
440 428 493 458 ca
537 428 615 459 ris.

324 476 594 528 XXXVII.
627 475 812 526 Consul
839 476 1080 544 equitibus
1114 474 1276 543 justis,
1308 477 1403 546 qua
1422 478 1549 546 quis-

257 562 353 612 que
387 544 574 612 posset,
610 563 761 611 opem
793 544 919 595 ferre
956 545 1319 607 laborantibus,
1347 546 1447 614 ipse
1468 548 1547 596 le-

256 615 428 681 giones
463 631 489 663 e
527 612 684 663 castris
732 613 894 663 educit
921 650 938 674 ‚
989 614 1043 663 &
1082 616 1274 682 agmine
1308 616 1547 681 quadrato

255 683 318 731 ad
359 682 546 732 hostem
597 682 745 731 ducit.
790 680 1004 748 Disperfi
1042 685 1229 750 equites
1270 701 1358 750 per
1404 702 1548 752 agros

255 752 457 816 quidem
497 751 779 800 aberrarunt
805 788 826 811 ,
876 749 1074 817 decepti
1119 751 1410 802 clamoribus
1444 754 1550 802 aliis

257 835 318 868 ex
360 820 454 868 alio
485 817 813 869 exsistentibus
843 819 976 868 loco.
1014 818 1128 868 Pars
1158 819 1332 870 obvios
1360 820 1551 870 habue-

259 902 371 936 runt
407 887 830 954 hosteszpluribus
870 886 987 936 locis
1016 886 1154 937 simul
1192 906 1355 956 pugna
1382 891 1552 955 coepit.

261 952 418 1023 Regia
441 955 579 1005 statio
600 954 947 1004 atrociffimum
967 956 1185 1023 praelium
1211 957 1388 1006 edebat
1409 975 1419 1006 ε
1437 975 1551 1007 nam

260 1023 314 1072 &
344 1025 449 1088 ips&
483 1024 791 1073 multitudine
830 1027 1047 1090 equitum
1083 1025 1400 1092 peditumque
1433 1044 1551 1092 pro-

257 1107 323 1158 pe
358 1089 476 1156 justa
508 1095 631 1141 acies
667 1106 769 1142 erat
793 1109 804 1139 τ
833 1093 886 1140 &
908 1091 1247 1141 Romanorum
1269 1131 1283 1153 ‚
1310 1095 1421 1159 quia
1442 1110 1553 1143 me-

257 1160 392 1208 dium
431 1160 685 1210 obsederat
732 1163 824 1209 iter
849 1197 864 1221 ,
910 1160 1103 1226 plurimi
1136 1163 1183 1209 in
1219 1179 1327 1210 eam
1363 1161 1554 1211 infere-

255 1228 448 1278 bantur.
468 1228 542 1278 Eo
555 1246 753 1296 quoque
773 1227 1042 1296 superiores
1066 1228 1370 1298 Macedones
1388 1237 1552 1293 erant,

259 1297 394 1364 quod
434 1299 486 1347 ὃς
521 1315 604 1348 rex
630 1297 730 1365 ipse
758 1297 981 1346 hortator
1012 1297 1216 1357 aderat,
1254 1298 1305 1346 ὃ(
1337 1296 1554 1348 Creten-

258 1366 378 1415 fium
411 1367 662 1416 auxiliares
691 1366 872 1417 multos
910 1383 970 1416 ex
1009 1365 1277 1433 improviso
1320 1368 1556 1417 vulnera-

257 1435 379 1486 bant
399 1473 413 1496 ‚
449 1435 659 1486 conferti
679 1438 1029 1503 praeparatique
1050 1436 1098 1483 in
1135 1434 1368 1502 dispersos
1396 1437 1446 1485 ὅ(
1470 1435 1553 1485 ef·-

259 1503 389 1554 fusos
428 1521 718 1573 pugnantes.
756 1503 962 1570 Quodsi
993 1504 1199 1553 modum
1224 1506 1272 1553 in
1290 1504 1553 1572 insequen-

265 1572 333 1622 do
369 1573 670 1636 habuiffent,
701 1591 802 1623 non
838 1574 886 1622 in
919 1573 1160 1640 praesentis
1196 1574 1348 1623 modo
1389 1584 1556 1624 certa-

262 1644 406 1692 minis
438 1643 644 1711 gloriam
663 1681 678 1704 ‚
707 1642 854 1692 sedin
875 1641 1110 1691 summam
1133 1644 1279 1692 etiam
1301 1642 1418 1691 belli
1435 1660 1556 1710 pro-

262 1709 444 1760 festum
477 1711 608 1761 foret
636 1728 648 1760 ε
681 1727 810 1760 nunc
850 1710 1081 1760 aviditate
1128 1710 1269 1760 caedis
1306 1714 1556 1778 intempe-

263 1781 447 1829 rantius
493 1779 692 1830 insecuti
728 1818 744 1841 ‚
792 1780 842 1828 in
885 1778 1157 1847 praegreffas
1197 1797 1306 1828 cum
1352 1780 1557 1831 tribunis

181 1851 189 1858 ’
264 1849 477 1898 militum
515 1849 747 1899 cohortes
786 1846 1034 1898 Romanas
1086 1848 1300 1898 incidere
1331 1864 1342 1895 ε
1380 1850 1431 1898 &
1470 1847 1554 1898 fu-

265 1918 401 1985 giens
454 1934 604 1984 eques
630 1956 646 1980 ‚
694 1933 747 1967 ut
785 1918 945 1984 primo
984 1915 1114 1984 figna
1152 1917 1345 1967 suorum
1394 1917 1555 1980 vidit,

265 1987 516 2035 convertit
544 1988 593 2035 in
626 1983 826 2036 effusum
858 1983 1049 2035 hostem
1084 2002 1238 2052 equos
1272 2003 1282 2034 :
1318 1985 1555 2053 versaque

266 2071 528 2104 momento
558 2056 797 2122 temporis
830 2052 1025 2104 fortuna
1062 2071 1239 2122 pugnae
1281 2052 1348 2103 est
1369 2081 1388 2113 ‚
1417 2068 1555 2122 terga

266 2122 494 2172 dantibus
541 2126 623 2190 qui
659 2124 813 2173 modo
855 2122 1000 2173 secuti
1034 2138 1186 2173 erant.
1215 2121 1362 2172 Multi
1394 2126 1553 2172 comi-

267 2209 358 2243 nus
395 2190 666 2259 congrefli‚
704 2192 842 2240 multi
873 2191 1113 2259 fugientes
1148 2189 1388 2241 interf'effl
1422 2209 1432 2240 :
1462 2209 1554 2242 nec

266 2259 402 2310 ferro
442 2260 629 2310 tantum
668 2262 888 2326 periere,
919 2261 1002 2310 sed
1039 2261 1089 2309 in
1122 2260 1324 2326 paludes
1356 2260 1556 2326 quidam

264 2326 477 2394 conjeffl
499 2366 516 2388 ,
546 2328 793 2396 profundo
819 2330 939 2379 limo
966 2346 1075 2377 curn
1106 2329 1217 2395 ipfis
1247 2330 1382 2394 equis
1405 2327 1555 2378 hausti

265 2395 390 2456 sunt.
407 2395 515 2447 Rex
543 2414 741 2465 quoque
758 2398 807 2445 in
828 2397 1046 2463 periculo
1075 2396 1165 2446 fuit
1197 2415 1208 2446 ε
1240 2413 1354 2444 nam
1380 2411 1554 2446 ruente

267 2464 430 2514 saucio
475 2482 603 2532 equo
637 2483 855 2532 praeceps
899 2466 960 2514 ad
1000 2481 1179 2516 terram
1213 2463 1387 2523 datus,
1424 2464 1558 2515 haud

265 2534 472 2583 multiim
506 2532 688 2595 abfuit,
729 2537 843 2601 quin
864 2531 1028 2594 jacens
1055 2535 1430 2599 opprimeretur.
1462 2532 1556 2583 Sa·-

263 2601 351 2651 luti
382 2601 470 2650 fuit
504 2619 687 2669 equeS,
728 2605 809 2669 qui
859 2604 1035 2668 raptim
1065 2601 1165 2667 ipse
1204 2600 1389 2650 defiluit
1411 2640 1426 2662 ,
1459 2620 1556 2667 pa·-

262 2669 533 2740 vidumque
560 2687 732 2743 regem
753 2674 802 2723 in
824 2687 1005 2740 equum
1035 2668 1254 2739 subjecit.
1279 2667 1385 2740 Ipse
1403 2687 1556 2739 quum
