1680 3052
233 127 280 185 L
322 139 346 182 1
389 131 426 180 Β
468 138 507 180 E
551 130 594 181 R
676 116 1054 179 XXXIII.
1187 137 1303 198 139

0 186 268 268 iseruiss‘et‚
302 205 361 254 ad
390 221 447 253 ea
478 220 583 270 quae
614 215 716 250 tum
746 200 954 248 maxime
977 202 1164 249 animos
1195 216 1301 250 ter·
1317 210 1514 265 U,c.55'5.'

0 275 233 335 fuebant,
268 272 528 340 quibusque
566 272 683 338 erigi
708 269 770 317 ad
801 268 1009 333 aliquam
1044 266 1178 331 spem
1214 286 1305 334 po·
1320 270 1514 321 aka-97·

10 354 186 391 terant
217 378 230 400 ‚
267 342 420 390 venit.
452 339 686 404 Acceptae
730 335 791 385 ad
837 336 1003 384 Aoum
1040 334 1223 383 flumen
1256 338 1306 386 in

5 407 245 476 angustiis
273 408 392 456 cladi
413 406 443 455 6
467 405 629 455 territa
662 403 998 453 Macedonum
1028 402 1270 468 phalange
1288 440 1304 464 ,

6 530 11 537 Ἰ
32 477 91 524 ad
114 476 341 525 Atracem
368 476 418 525 vi
446 472 607 539 pulsos
631 471 886 522 Romanos
911 470 1211 536 opponebat.
1236 473 1305 521 Ee

5 541 131 592 ssillic
173 559 318 591 tamen
339 578 359 601 ,
391 543 468 590 ubi
506 539 690 606 inseffizs
724 538 891 605 fauces
921 539 1062 606 Epiri
1099 558 1190 587 non
1226 553 1304 587 te-

8 609 217 674 nuiffent
233 647 252 669 ,
276 612 473 676 primam
502 611 683 673 culpam
700 606 841 672 fiuffe
872 625 1021 656 eorum
1054 607 1130 672 qui
1156 607 1305 673 negli-

33 693 174 745 genter
216 679 439 743 custodias
472 675 720 741 ftrvaffent
751 693 765 725 ε
793 675 1042 740 secundam
1063 712 1079 735 ,
1111 677 1160 725 in
1200 674 1301 741 ipso

33 745 262 796 certamine
282 783 297 806 ‚
318 746 434 795 levis
463 760 700 793 armatura
730 745 1185 809 mercenariorumque
1211 745 1302 792 mi-

9 813 173 864 litum.
204 815 510 862 Macedonum
541 817 644 862 vero
670 812 942 878 phalangem
961 848 979 869 ‚
1004 813 1049 860 δ’
1080 827 1186 859 tunc
1206 814 1299 878 ste-

6 879 114 945 'iffie
145 917 160 940 ‚
199 881 243 929 6²
280 882 380 929 loco
423 898 548 945 aequo
580 916 594 937 ,
639 877 845 946 justaque
879 879 1038 945 pugna*
1068 915 1082 937 ‚
1119 879 1298 944 semper

6 949 276 1012 mansuram
308 950 534 996 inviHam.
560 945 754 995 Decem
789 946 841 994 &
875 945 953 994 sex
992 946 1298 994 milliamili·
1355 953 1503 1010 Copia-

7 1011 11 1081 ζ
34 1033 122 1064 :um
158 1016 257 1063 haec
288 1015 420 1065 fuere
445 1031 459 1073 3
481 1015 627 1064 robur
659 1030 807 1062 omne
833 1015 1006 1062 virium
1028 1051 1043 1074 ‚
1069 1013 1120 1062 ὅ(
1144 1016 1390 1081 regniJum
1454 1031 1503 1055 u-

4 1131 10 1140 x
34 1083 106 1131 Ad
135 1083 228 1132 hoc
259 1083 356 1132 duo
389 1085 535 1131 millia
568 1096 858 1131 cetratorum
881 1119 895 1141 ,
923 1099 1045 1147 quos
1069 1075 1472 1148 peltastastrt'mque

4 1173 9 1179 ·
35 1152 264 1218 1ppellant
287 1188 300 1212 ‚
316 1168 348 1215 7
370 1150 714 1216 Thracumque
739 1150 786 1199 ὃ(
808 1147 1088 1216 Illyriorum
1108 1148 1129 1217 (
1146 1148 1502 1198 Tral-Mm'u‘

5 1255 8 1267 2
35 1221 78 1268 .is
111 1235 290 1269 nomen
325 1218 391 1269 est
420 1217 589 1286 genti)
625 1235 710 1284 par
742 1233 969 1266 numerus
999 1217 1111 1266 bina
1146 1219 1293 1270 millia

5 1345 9 1355 1
35 1301 159 1335 erant
183 1324 197 1347 ‚
230 1287 283 1335 &
311 1289 447 1336 mixti
477 1303 536 1336 ex
572 1285 784 1352 pluribus
817 1285 1036 1352 gentibus
1065 1287 1293 1337 mercede

4 1357 11 1421 j
34 1353 247 1403 :onduffl
274 1356 520 1404 auxiliares
554 1354 684 1402 mille
715 1352 866 1403 ferme
888 1391 902 1413 ,
927 1353 979 1403 &
1015 1352 1112 1403 duo
1145 1354 1291 1404 millia

33 1423 251 1489 equiturn.
287 1420 416 1470 Cum
446 1425 500 1470 iis
531 1423 684 1488 copiis
717 1438 801 1470 rex
836 1420 1022 1471 hostem
1053 1423 1293 1488 opperie-

4 1457 11 1532 i
33 1504 169 1539 iatur.
194 1489 425 1539 Romanis
458 1488 611 1540 ferme
637 1508 721 1555 par
753 1507 979 1538 numerus
1002 1504 1133 1538 erat:
1155 1492 1295 1557 equi-

33 1575 122 1606 :um
158 1558 307 1625 copiis
343 1560 530 1608 tantum
560 1595 575 1620 ,
609 1557 743 1626 qubd
774 1558 928 1607 AEtoli
969 1555 1297 1623 accesserant,

6 1623 317 1692 ilperabant.

5 1692 10 1729 J
85 1693 151 1743 V.
192 1693 422 1760 Quintius
458 1692 519 1743 ad
558 1691 758 1744 Thebas
800 1692 1095 1744 Phthioticas
1140 1692 1290 1746 castra

4 1738 163 1828 {uum
204 1761 427 1813 moviffet
453 1800 469 1822 ,
512 1761 647 1829 spem
692 1761 853 1812 nactus
897 1779 984 1829 per
1021 1761 1291 1814 Timonem

6 1831 282 1895 πίηείρειῃ
319 1831 522 1880 civitatis
555 1831 698 1897 prodi
731 1831 899 1880 urbem
934 1868 949 1892 ‚
987 1847 1098 1879 cum
1130 1833 1295 1897 paucis

33 1898 235 1962 equitum
268 1897 476 1964 levisque
507 1912 755 1947 armaturae
779 1898 839 1947 ad
870 1915 1032 1948 muros
1064 1897 1295 1950 succeffit.

4 1963 91 2034 [bi
125 1966 249 2014 adeo
283 1964 496 2014 frustrata
532 1965 638 2032 spes
672 1965 741 2015 est
769 2003 784 2027 ,
816 1981 869 2014 ut
909 1983 1009 2015 non
1045 1981 1292 2016 certamen

5 2032 170 2082 nodi)
203 2050 311 2081 cum
345 2034 703 2099 erumpentibus
724 2072 740 2094 ‚
762 2033 845 2083 sed
877 2034 1142 2100 periculum
1161 2053 1293 2102 quo-

2 2154 3 2158 ,
32 2116 110 2167 {ue
140 2113 279 2151 atrox
308 2100 482 2150 subiret
502 2119 513 2150 ι
533 2103 582 2150 ni
605 2101 760 2152 castris
792 2104 933 2152 exciti
962 2102 1164 2168 repente
1194 2119 1292 2170 pe-

0 2211 2 2257 l
76 2223 103 2266 6
152 2224 311 2266 Territa*
354 2226 617 2269 Macedonum

32 2284 247 2342 vhalange.]
268 2288 454 2343 Opponit
472 2288 617 2343 Philip·

680 2229 753 2270 diis
786 2256 800 2278 ‚
834 2226 942 2270 nulla
975 2238 1062 2271 arte
1089 2257 1102 2279 ,
1140 2228 1208 2271 sed
1247 2228 1290 2270 vi

682 2289 836 2345 pulsos.

33 2360 90 2387 >us
123 2347 394 2391 Macedonum
431 2350 618 2406 phalangi

12 2408 229 2460 ¹epentino
265 2421 422 2453 terrore
470 2412 618 2468 degre-

33 2467 208 2510 flentium
236 2483 259 2510 e
289 2470 392 2528 jugis
413 2472 614 2513 Romano-

38 2543 101 2568 um
151 2532 341 2583 perculsae
363 2560 374 2580 ,
410 2533 614 2576 Romanos

0 2594 9 2650 β’
41 2590 64 2628 d
86 2591 276 2631 Atracem
298 2607 377 2633 non
400 2593 616 2648 improviso

0 2659 9 2709 ρ
38 2649 144 2707 liquo
171 2662 358 2705 terrore,
379 2656 495 2698 nullis
525 2656 616 2698 infi-

739 2366 766 2405 7
788 2348 1048 2408 Thracumque
1068 2351 1105 2392 ὃ·
1124 2349 1288 2405 Illyrio·

679 2428 812 2455 rum...
853 2428 930 2468 par
980 2427 1154 2454 numerus
1195 2411 1290 2451 bina

678 2474 849 2528 millias]
869 2475 1050 2515 Thraces
1076 2473 1285 2528 Illyriique

679 2535 805 2576 Tralli
827 2565 840 2581 ‚
864 2536 947 2590 pari
968 2535 1071 2575 inter
1091 2534 1129 2574 se
1152 2546 1294 2573 nume-

679 2611 725 2637 ro
746 2624 757 2644 ,
781 2597 859 2638 duo
891 2610 1035 2649 nempe
1070 2595 1187 2637 millia
1213 2608 1290 2636 cu·

677 2656 818 2715 jusque
845 2657 1029 2716 generis·
