1680 3052
319 128 399 201 92
589 123 647 184 T
687 140 713 181 1
755 134 798 183 τ’
842 139 864 182 1
949 124 997 184 L
1041 141 1064 183 1
1108 141 1153 183 v
1196 136 1219 184 1
1265 142 1288 183 1
1485 196 1490 203 ‚

108 204 301 268 U-c-554.
319 219 422 254 tem
455 202 649 274 Lingon
684 208 914 272 perrexit.
947 205 1041 273 Ipsi
1076 223 1270 257 montes
1301 203 1430 274 Epiri
1464 205 1610 271 sunt'q'

110 269 553 338 ³·C·198.interje8ti
622 275 933 337 Macedoniae
993 274 1363 341 Theffaliaeque.
1416 274 1560 325 Latus
1587 307 1606 338 ,-

317 343 452 407 quod
499 346 658 411 vergit*
696 346 743 391 in
788 341 1116 400 Theffaliam‚
1152 342 1334 393 Oriens
1374 342 1551 409 spefilat
1587 363 1598 395 :

313 408 593 477 Septentrio
633 430 659 459 a
688 410 986 460 Macedonia
1023 410 1266 474 objicitur.
1301 410 1475 460 Vestiti
1506 412 1605 461 fre-

310 480 569 546 quentibus
603 477 753 544 sylvis
787 477 892 528 sunt
925 497 936 526 :
961 477 1074 547 juga
1092 478 1275 529 summa
1296 497 1494 546 campos
1514 498 1608 546 pa·-

309 559 501 605 tentes‚
534 546 775 613 aquasque
810 564 1050 612 perennes
1086 548 1283 597 habent.
1319 547 1391 597 Ibi
1420 547 1602 597 stativis

311 632 400 665 rex
431 633 519 682 per
554 617 739 682 aliquot
779 614 882 664 dies
907 615 1080 664 habitis
1102 654 1117 677 ‚
1154 616 1404 666 fluffluatus
1436 618 1605 666 animo

311 682 415 744 est,
449 685 610 733 utrum
657 685 875 749 protinus
923 685 971 732 in
1012 701 1216 750 regnum
1254 685 1300 734 se
1334 685 1606 751 reciperet,

311 769 373 801 an
408 756 589 801 reverti
614 752 663 799 in
697 750 991 800 Thessaliam
1013 751 1196 818 posset:
1222 752 1470 813 inclinavit
1489 753 1605 803 sen—-

310 822 499 885 tentia,
534 836 554 868 1
593 818 728 868 suum
764 823 813 869 in·
841 819 1136 870 Thessaliam
1169 838 1345 888 agmen
1381 822 1606 872 dimitte-2

312 903 389 938 ret
411 926 425 950 ,
459 886 785 955 Triccamque
824 891 1058 954 proximis
1089 890 1317 939 limitibus
1350 892 1503 954 petit:
1529 892 1609 939 in-

311 956 377 1007 de
410 956 583 1007 obvias
617 957 759 1006 urbes
794 959 969 1022 raptim
997 959 1288 1026 peragravit.
1329 957 1572 1008 Homines
1594 996 1609 1021 9

311 1026 397 1092 qui
432 1025 565 1093 sequi
589 1023 776 1092 possent
797 1063 811 1085 ‚
843 1024 1033 1075 sedibus
1068 1026 1259 1075 excibat
1286 1044 1298 1074 z
1328 1027 1512 1094 oppida
1533 1029 1608 1076 ino

312 1094 561 1144 tendebat
590 1111 600 1141 :
624 1111 785 1144 rerum
818 1092 1004 1143 suarum
1026 1131 1042 1156 ‚
1073 1112 1191 1161 quas
1210 1091 1430 1163 poffent,
1450 1094 1614 1146 ferena

314 1162 485 1212 darum
520 1162 681 1213 secum
718 1160 927 1213 dominis
956 1161 1028 1227 jus
1063 1161 1215 1213 fiebat
1254 1181 1265 1212 ε
1297 1179 1457 1214 cetera
1480 1164 1612 1213 mili-

313 1234 373 1281 ris
407 1232 570 1299 praeda
601 1245 704 1282 erat
740 1248 751 1279 ε
785 1249 908 1292 nec,
938 1232 1074 1298 quod
1117 1232 1176 1280 ab
1201 1230 1335 1282 hoste
1367 1233 1609 1283 crudelius

311 1304 415 1368 pati
443 1300 636 1367 possent
656 1339 669 1360 ‚
691 1300 862 1367 reliqui
893 1303 1154 1368 quicquam
1182 1298 1270 1350 fuit
1291 1339 1306 1362 ,
1328 1301 1474 1367 quam
1499 1320 1608 1368 quae

312 1370 377 1418 ab
414 1365 554 1420 sociis
586 1369 908 1436 patiebantur.
942 1369 1062 1419 Haec
1083 1372 1231 1420 etiam
1265 1368 1476 1436 facienti⁴
1496 1369 1608 1419 Phi-

312 1437 453 1505 lippo
493 1439 666 1489 acerba
706 1450 882 1498 erant,
924 1436 1006 1487 sed
1043 1455 1070 1489 e
1111 1450 1237 1489 terra
1281 1451 1399 1487 mox
1448 1437 1607 1489 futura

315 1505 524 1557 hostiurn
543 1545 557 1569 ‚
592 1524 800 1573 corpora
837 1505 1006 1558 saltem
1038 1508 1226 1572 eripere
1251 1504 1491 1556 sociorum
1517 1526 1610 1558 vo-

317 1574 484 1626 lebat:
508 1579 573 1625 ita
604 1574 813 1626 evastata
843 1575 950 1624 sunt'
979 1576 1160 1644 oppida
1179 1574 1440 1638 ,Phacium
1459 1615 1474 1638 ‚
1507 1575 1610 1627 Ire-

318 1642 396 1694 fiae
416 1683 429 1707 ,
461 1643 767 1712 Euhydrium
789 1682 804 1706 ‚
839 1643 1025 1694 Eretria
1044 1683 1059 1707 ,
1084 1644 1400 1712 Palaephatus.
1430 1644 1609 1696 Pheras

318 1730 470 1779 quum
505 1728 724 1781 peteret,
757 1713 996 1775 exclusus,
1033 1716 1141 1782 quia
1172 1730 1247 1763 res
1270 1716 1446 1781 egebat
1470 1715 1611 1765 mora

315 1781 353 1831 fi
390 1800 668 1851 expugnare
700 1782 891 1843 vellet,
927 1799 1017 1832 nec
1043 1797 1236 1849 tempus
1272 1797 1409 1843 erat,
1435 1781 1608 1846 omiffo

316 1850 521 1919 incepto
558 1890 573 1912 ,
620 1853 670 1901 in
721 1850 1069 1902 Macedoniam
1107 1849 1415 1901 transcendit.
1476 1849 1610 1901 Nam

162 1922 468 1976 ‘AEtonetiam
508 1921 699 1971 AEtolos
739 1920 1132 1988 appropinquare
1169 1918 1297 1969 fama
1338 1934 1440 1969 erat
1478 1937 1491 1969 .·
1527 1920 1612 1987 qui

109 1994 267 2044 vastant
321 1990 490 2040 audito
526 1990 691 2057 praelio
716 1990 850 2056 quod
876 1992 998 2039 circa
1021 2005 1215 2054 amnem
1243 1987 1409 2038 Aoum
1430 1986 1610 2037 facium

113 2051 273 2124 theffa.
321 2073 454 2117 erat,
491 2060 722 2125 proximis
758 2060 886 2125 prius
929 2056 1150 2107 evastatis
1188 2059 1311 2107 circa
1356 2056 1611 2123 Sperchias

109 2116 224 2164 ham·
321 2127 374 2176 &
398 2127 600 2176 Macran
633 2127 811 2193 (quam
841 2129 1063 2186 vocant)
1086 2123 1284 2175 Comen
1304 2164 1318 2185 ‚
1340 2123 1608 2192 transgreffi

315 2195 429 2245 inde
454 2197 502 2244 in
530 2194 822 2244 Thessaliam
844 2233 858 2254 ‚
886 2193 1128 2261 Cymines
1153 2194 1204 2243 δε
1227 2194 1424 2260 Angeas
1444 2194 1607 2259 primo

315 2263 503 2331 impetu
538 2265 680 2331 potiti
714 2263 848 2312 sunt:
883 2281 909 2312 a
946 2263 1248 2329 Metropoli,
1272 2263 1388 2310 dum
1417 2259 1608 2312 vastant

313 2350 457 2400 agros
476 2370 491 2392 ,
525 2330 757 2382 concursu
783 2331 1146 2397 oppidanorum
1169 2330 1228 2379 ad
1256 2329 1437 2378 tuenda
1468 2347 1607 2378 moe-

311 2403 393 2452 nia
422 2400 549 2452 facio
566 2439 582 2463 ‚
609 2397 784 2468 repulsi
817 2399 938 2449 sunt.
971 2398 1238 2450 Callithera
1262 2398 1376 2448 inde
1403 2397 1606 2466 aggres-

382 2516 398 2544 ι
440 2503 560 2545 Suum
607 2501 647 2542 in
691 2495 927 2557 Theffaliam
991 2506 1107 2542 citum
1135 2499 1174 2538 in
1204 2496 1438 2558 Theffctliam
1467 2513 1603 2555 agmen

315 2579 452 2622 agmen
490 2563 721 2605 dimitteret.
751 2566 768 2617 ]
802 2562 928 2604 Recie
991 2562 1210 2603 demittere.
1229 2561 1295 2600 Sic
1325 2560 1354 2600 1.
1374 2560 1561 2602 xxvffl
1587 2589 1602 2610 ,

313 2629 479 2668 videtur
518 2636 721 2680 reponere
757 2624 931 2667 Grono-
994 2619 1608 2678 c.25.Inclinavitseutencia.q

312 2688 402 2733 vius
429 2703 441 2734 ι
470 2688 691 2732 Ιηείἰηανίε
727 2686 932 2747 sententia
995 2682 1196 2742 universos
1214 2683 1291 2730 ite.
