1680 3052
282 116 642 180 LIBER
726 115 1045 179 XXXV.
1190 134 1303 201 295

0 247 1 256 ,
31 196 85 272 P
120 199 168 252 in
205 219 254 252 eo
283 203 408 268 flatu
444 201 638 267 relinqui
668 201 976 266 provinciam.
1012 200 1213 250 Senatus
1245 203 1307 253 C.
1328 225 1519 277 {rc-550,-

42 269 293 320 Scribonio
325 273 576 337 negotium
608 268 776 330 dedit,
797 283 848 316 ut
877 268 998 317 duos
1031 269 1217 335 legatos
1252 280 1519 332 exlacnffi.

39 337 210 387 ordine
234 337 474 386 senatorio
495 340 708 386 mitteret
728 336 789 385 ad
804 334 859 384 L.
880 333 1167 385 Cornelium
1195 355 1316 384 con·

40 404 222 464 sulem5
254 407 336 471 qui
367 406 547 454 litteras
579 404 781 470 collegae
816 403 878 453 ad
910 403 1123 453 senatum
1159 403 1313 453 missas

41 471 287 521 deferrent
319 473 379 521 ad
411 490 521 521 eum
544 507 559 532 ,
594 473 646 521 &
675 473 957 521 nunciarent
990 471 1203 520 senatum
1223 508 1237 530 ‚
1270 474 1319 522 ni

41 539 81 588 is
102 540 161 587 ad
186 540 482 606 magistratus
503 539 831 607 subrogandos
851 538 1063 587 Romam
1090 539 1280 587 veniret
1299 573 1316 600 9

41 609 201 674 potius
224 607 368 674 quam
397 607 468 673 Q.
497 608 739 656 Minucius
763 627 789 656 a
816 608 950 656 bello
977 609 1165 673 integro
1187 625 1318 655 avo-

42 689 228 724 caretur
251 713 265 735 ,
300 677 626 743 interregnum
660 677 766 723 iniri
798 673 1051 740 passurum.
1084 671 1212 722 Miffi
1246 674 1317 723 le-

44 745 138 809 gati
173 746 509 792 renunciatum
529 781 543 802 ‚
576 742 630 792 L.
663 741 946 792 Cornelium
982 742 1041 791 ad
1073 740 1317 808 magistra-

41 823 115 857 tus
140 808 469 877 subrogandos
493 809 704 858 Romam
731 825 1007 860 venturum.
1030 808 1112 859 De
1145 811 1316 858 litteris

39 874 94 926 L,
114 876 365 936 Cornelii,
386 897 501 944 quas
531 877 772 943 scripserat
801 878 1060 927 secundum
1099 878 1315 942 praelium

42 961 151 993 cum
183 945 312 994 Boiis
349 945 524 995 facium
547 984 562 1005 ‚
596 946 876 1011 disceptatio
912 949 962 994 in
994 945 1157 995 senatu
1193 944 1313 994 fuit:

81 1014 152 1060 uia
185 1015 409 1078 privati-m
445 1012 678 1080 plerisque
706 1013 1000 1063 senatoribus
1032 1013 1216 1080 legatus
1239 1013 1315 1063 M.

94 1080 275 1129 laudius
316 1080 592 1147 scripserat,
628 1084 838 1130 Fortunae
876 1082 1041 1147 populi
1077 1084 1316 1141 Romani,

43 1148 89 1196 δ’
120 1150 312 1197 militum
345 1151 504 1197 virtuti
535 1151 730 1215 gratiam
762 1150 1016 1197 habendam
1039 1185 1055 1206 ‚
1091 1148 1211 1213 quod
1246 1166 1317 1197 res

42 1215 151 1263 bene
179 1217 294 1282 gesta
338 1216 452 1281 effit.
489 1216 699 1280 Confidis
739 1218 876 1282 openi
910 1217 953 1265 δ’
988 1217 1184 1264 militum
1219 1218 1319 1264 ali-

44 1300 261 1348 quantum
293 1283 494 1348 amifficm
517 1322 533 1342 ,
574 1285 618 1332 G·
651 1286 834 1349 hostium
865 1285 1109 1332 exercitum
1132 1321 1146 1344 ,
1182 1282 1316 1350 cujus

42 1352 223 1399 delendi
254 1352 411 1400 oblata
434 1350 626 1414 fortuna
653 1351 799 1417 ficerit
828 1389 842 1412 ,
875 1351 1092 1418 elapsum.
1133 1354 1318 1401 Milites

42 1418 93 1468 εὸ
125 1420 276 1484 plures
301 1418 488 1484 periffe,
517 1419 638 1486 quod
672 1420 850 1468 tardizis
880 1439 936 1467 ex
961 1420 1175 1484 fitbfidiis
1197 1457 1213 1478 ‚
1240 1421 1318 1486 qui

43 1486 355 1536 laborantibus
385 1505 509 1551 opem
537 1485 741 1552 fhrrent,
771 1486 1075 1552 szccceffiffint.
1101 1490 1262 1554 Hostes
1295 1506 1318 1535 e

43 1555 254 1603 manibus
293 1554 466 1619 emiffin
489 1592 502 1615 ‚
545 1556 666 1619 quod
703 1557 927 1621 equitibus
961 1556 1223 1622 legionariis
1269 1556 1317 1605 ὃ*

46 1621 227 1672 tardiics
252 1623 406 1671 datum
421 1625 598 1689 fignum
632 1621 731 1687 effit
752 1660 768 1684 ‚
799 1625 845 1671 6·
867 1623 1072 1690 persequi
1092 1622 1322 1690 fizgientes

45 1707 137 1739 non
178 1688 384 1754 licuiffiaet.
417 1690 500 1740 De
540 1708 597 1740 ea
642 1707 692 1740 re
738 1690 854 1740 nihil
899 1705 1085 1740 temere
1123 1690 1323 1740 decerni

44 1756 252 1825 placuit:
272 1757 332 1806 ad
370 1757 725 1825 frequentiores
752 1757 1036 1810 consultatio
1067 1759 1211 1808 dilata
1239 1756 1324 1809 est.

114 1823 228 1874 VII.
259 1824 464 1875 Instabat
501 1829 633 1877 enim
670 1845 785 1876 cura·
811 1828 901 1877 alia
935 1865 951 1887 ‚
982 1827 1116 1894 quod
1154 1828 1321 1875 civitas
1378 1840 1531 1883 civitas

45 1891 236 1943 foenore
269 1893 548 1945 laborabat:
575 1897 628 1945 &
658 1914 806 1963 quum
833 1895 995 1944 multis
1021 1894 1479 1959 foenebribusfaenore

45 1960 233 2026 legibus
280 1961 527 2012 constricta
567 1967 762 2014 avaritia
803 1962 918 2014 effet
946 2000 961 2023 ,
1019 1966 1098 2013 via
1143 1962 1320 2012 fraudis
1337 1967 1511 2007 laborat.

47 2029 165 2077 inita
201 2043 301 2078 erat
323 2068 339 2092 ,
364 2047 392 2079 2
428 2047 480 2081 ut
509 2033 557 2081 in
583 2032 740 2082 socios
762 2070 778 2092 ‚
806 2034 887 2099 qui
912 2049 1014 2080 non
1042 2045 1321 2081 tenerentur

46 2097 103 2145 iis
136 2096 322 2164 legibus
345 2136 360 2160 ,
387 2102 583 2149 nomina
611 2099 992 2151 transscriberent
1028 2121 1040 2151 ε
1074 2100 1139 2149 ita
1165 2100 1321 2150 libero

48 2163 237 2216 foenore
275 2166 546 2219 obruebant
578 2169 840 2222 debitores,
874 2185 897 2236 3
934 2165 1087 2233 Cujus
1120 2184 1327 2218 cernen-

109 2298 136 2327 2
160 2283 273 2326 Utin
290 2283 476 2340 soci05...
496 2289 654 2329 nomina

49 2346 376 2401 tranffcriberent.
410 2349 427 2402 ]
479 2351 654 2390 Nomina

48 2407 116 2448 hic
130 2410 425 2464 interpretanda
446 2411 532 2452 sunt
550 2413 656 2453 obli-

48 2470 220 2525 gations.
242 2471 282 2512 Si
303 2473 386 2525 quis
407 2473 611 2514 Romanus
633 2490 655 2515 a
686 2514 689 2518 ,

51 2531 238 2572 Romano
255 2534 460 2586 pecuniam
483 2536 656 2576 sumeret

51 2602 226 2636 mutuam
247 2622 258 2638 ‚
291 2593 502 2647 jubebatur
522 2611 542 2636 a
564 2612 658 2638 cre-

53 2651 186 2696 :litore
223 2654 259 2696 se
293 2655 477 2711 profiteri
510 2659 656 2715 scripto

717 2289 940 2332 debitorem
954 2317 968 2335 ,
989 2302 1070 2329 non
1090 2287 1178 2342 ejus
1200 2302 1220 2327 a
1243 2301 1327 2341 quo

716 2353 816 2393 vere
835 2362 1050 2405 acceperat
1073 2378 1085 2399 ‚
1112 2350 1179 2390 sed
1198 2349 1328 2389 alicu-

715 2413 779 2468 jus
813 2413 959 2454 Latini.

784 2485 803 2527 3
832 2476 944 2528 Cujus
971 2472 1198 2524 cernendi]
1234 2473 1333 2512 Cer-

718 2539 834 2577 nendi
858 2535 988 2591 potest
1007 2534 1178 2588 intelligi
1206 2531 1334 2587 i’lspl'·

721 2598 871 2645 ciendi,
890 2596 1166 2654 perpendendi.
1184 2593 1336 2634 Malle·

720 2675 806 2701 mus
834 2670 998 2763 tamt->pq-
1034 2656 1141 2710 quod
1169 2656 1326 2711 quidam

1014 2733 1061 2767 KV
