1680 3052
221 124 616 192 ⁴L113ER
703 127 1059 188 XXXIV.
1189 134 1302 212 265

28 215 220 285 peonius
248 213 440 280 Longus
462 249 476 271 ‚
508 213 588 276 qui
611 225 713 264 tum
748 209 910 258 consul
933 225 1034 259 erat
1053 248 1067 269 ‚
1098 210 1168 259 M.
1189 212 1304 262 Ser·
1319 232 1507 283 U.c.558.

32 284 166 333 vilius
200 320 215 342 ‚
266 281 335 345 Q.
373 281 611 328 Minucius
652 275 914 326 Thermus,
958 277 1092 344 Ager
1127 280 1301 329 divisus
1319 288 1507 338 &kl-194·

31 349 124 410 est,
158 350 238 416 qui
266 348 631 413 Campanorum
656 343 832 394 fuerat.
868 343 1126 410 Sipontum
1150 347 1266 395 item
1286 385 1302 408 ‚

31 419 78 466 in
106 434 269 483 agrum
307 417 388 482 qui
413 414 710 480 Arpinorum
745 411 898 460 fuerat
917 450 930 471 ‚
961 413 1206 462 coloniam
1229 416 1304 461 ci-

30 486 157 533 vium
201 483 535 532 Romanorum
579 482 658 530 alii
704 481 978 541 triumviri,
1023 479 1090 528 D.
1135 480 1304 530 Junius

28 550 195 600 Brutus
216 589 231 611 ,
262 549 336 599 M.
373 550 561 598 Baebius
612 547 899 613 Tamphilus
928 585 944 609 ‚
988 547 1061 595 M.
1095 547 1303 598 Helvius

31 618 348 669 deduxerunt.
384 615 648 683 Tempsam
678 616 795 664 item
814 652 827 673 ,
861 616 914 664 &
938 613 1210 665 Crotonem
1229 617 1303 665 ci-

27 688 157 738 vium
185 685 518 735 Romanorum
549 684 752 732 coloniae
788 683 1019 732 dedufiae.
1055 682 1304 748 Tempsa-

26 771 114 803 nus
143 771 253 821 ager
282 754 342 803 de
367 752 559 802 Bruttiis
583 765 748 816 captus
767 766 897 800 erat:
919 766 950 813 7
978 750 1146 799 Bruttii
1164 751 1305 801 Grae-

28 840 109 870 cos
157 822 453 888 expulerant.
502 819 778 868 Crotonem
827 817 989 868 Graeci
1041 819 1304 870 habebant.

26 887 297 939 Triumviri
336 888 430 938 Cn.
463 886 694 938 Offiavius
717 924 731 946 ‚
770 884 824 934 L.
855 886 1073 936 AEmilius
1109 886 1302 950 Paulus,

25 955 88 1008 C.
121 956 350 1006 Pletorius
388 956 696 1013 Crotonem3
734 951 861 1002 Tem
901 953 996 1002 sam
1024 953 1079 1004 L.
1101 954 1300 1006 Corne-

22 1024 109 1074 lius
145 1025 333 1074 Merula
351 1063 365 1086 ‚
393 1025 421 1074 8
443 1025 492 1073 ὃ(
515 1023 575 1073 C.
599 1022 819 1072 Salonius
874 1023 1154 1073 eduxerunt.
1172 1023 1298 1074 Pro-
1314 1039 1504 1101 Prodigia

0 1092 151 1160 ¹digia
197 1110 393 1159 quoque
429 1094 516 1140 alia
544 1090 642 1142 visa
680 1107 742 1139 eo
785 1108 913 1138 anno
959 1090 1131 1140 Romae
1165 1091 1299 1155 sunt,

20 1160 110 1209 alia
143 1163 383 1209 nunciata.
416 1159 467 1209 In
512 1158 656 1217 foro,
688 1159 740 1207 δε
777 1159 1016 1222 comitio,
1050 1158 1103 1208 ὃ(
1142 1158 1302 1227 Capi-

22 1229 145 1277 tolio
176 1228 411 1296 sanguinis
440 1240 583 1294 guttae
617 1225 727 1275 visae
771 1225 915 1288 sunt:
956 1227 1008 1274 ὃ(
1048 1229 1172 1276 terra
1204 1230 1302 1278 ali-

23 1299 215 1362 quoties
249 1298 402 1363 pluit:
435 1297 486 1344 δι’.
514 1309 655 1361 caput
686 1293 894 1342 Vulcani
930 1293 1051 1342 arsit.
1081 1294 1303 1346 Nuncia-

22 1369 125 1413 tum
159 1363 251 1425 est,
293 1363 573 1412 Interamnae
602 1363 675 1411 lac
709 1361 917 1411 fluxisse:
945 1379 1121 1426 pueros
1162 1366 1304 1430 inge-

21 1449 172 1492 nuos,
209 1433 416 1480 Arimini
454 1430 549 1480 fine
591 1429 739 1492 oculis
773 1448 827 1478 ac
864 1429 1009 1490 nas03
1043 1431 1097 1479 &
1128 1433 1175 1479 in
1218 1432 1302 1482 Pi-

23 1515 146 1548 ceno
179 1517 294 1567 agro
329 1517 428 1548 non
475 1516 675 1558 manus,
709 1514 808 1545 non
850 1498 999 1564 pedes
1037 1498 1301 1552 habentem

20 1582 198 1616 natum.
232 1567 301 1616 Ea
323 1567 539 1634 prodigia
559 1583 619 1615 ex
649 1564 935 1632 pontificum
958 1566 1155 1616 decreto
1186 1587 1302 1634 pro-

23 1648 183 1684 curata
203 1673 218 1697 ‚
243 1636 295 1684 &
314 1634 588 1685 sacrificium
611 1635 903 1684 novendiale
924 1634 1100 1683 facium
1122 1672 1135 1694 ‚
1163 1637 1302 1702 quod

22 1703 224 1752 Adriani
275 1706 652 1764 nunciaverant,
690 1704 738 1751 in
787 1720 902 1770 agro
941 1702 1025 1753 suo
1056 1704 1297 1770 lapidibus

21 1769 202 1838 pluiffe.

90 1837 274 1887 XLVI.
308 1836 363 1887 In
403 1837 562 1888 Gallia
597 1837 653 1887 L.
693 1836 916 1886 Valerius
947 1836 1147 1887 Flaccus
1179 1858 1300 1906 pro-

16 1906 179 1955 consul
212 1908 336 1954 circa
371 1907 709 1955 Mediolanum
744 1923 856 1954 cum
890 1904 1044 1955 Gallis
1077 1906 1299 1958 Insubri-

18 1973 136 2035 bus,
169 1974 220 2024 δε
264 1973 427 2039 Boiis,
461 1977 542 2042 qui
573 1973 825 2024 Dorulaco
862 1973 984 2025 duce
1029 1975 1092 2024 ad
1124 1979 1299 2027 conci-

16 2126 114 2155 num
158 2112 334 2153 deduffis
356 2140 367 2158 ,
405 2127 491 2167 quae
533 2113 622 2156 sunt

18 2173 247 2227 Campaniae
261 2174 621 2230 oppida-Legamus

17 2233 170 2291 igitur:
203 2235 428 2278 Coloniae...
458 2237 621 2277 deduc‘t'ae

14 2293 108 2352 sunt
123 2296 313 2337 Puteolos
331 2325 342 2344 ,
363 2297 594 2339 Vulturnum
609 2325 621 2346 ,

18 2357 219 2401 Liternum
238 2373 250 2405 ;
273 2359 421 2399 treceni
452 2359 622 2400 homines

17 2421 59 2460 in
95 2418 285 2474 singulas.
322 2420 431 2475 Ager
478 2419 621 2473 dlvifizs

18 2478 101 2529 est,
135 2479 198 2533 qui
225 2482 503 2535 Campanorum
525 2481 620 2536 fice-

17 2553 97 2582 rat.
117 2539 217 2579 Item
242 2541 463 2584 Salernum.

80 2615 103 2652 7
120 2600 271 2645 Bruttii
285 2600 437 2644 Graecos
457 2605 622 2659 expule-

17 2662 154 2715 rant.]
179 2661 312 2713 Quum
334 2664 426 2705 olim
450 2664 622 2709 Graeco.

160 2723 282 2770 Tom.
315 2727 372 2779 V.

683 2127 770 2154 rum
788 2112 820 2153 is
838 2126 935 2168 ager
954 2113 1084 2154 fuiffet
1106 2141 1118 2161 ,
1143 2114 1296 2158 Bruttii

684 2189 734 2216 ex
754 2189 804 2216 eo
822 2175 919 2215 illos
939 2177 1195 2229 expulerant.
1216 2178 1295 2218 Ita-

683 2251 761 2291 que
792 2238 824 2277 is
852 2250 950 2291 ager
975 2237 1103 2291 primo
1124 2238 1297 2280 Graeco-

683 2312 768 2339 rum
808 2298 940 2338 fuerat
967 2325 978 2346 ,
1023 2309 1106 2339 tum
1145 2301 1295 2342 deinde

683 2359 932 2400 Bruttiorum
958 2386 970 2406 ,
1005 2359 1177 2413 denique
1208 2361 1296 2402 Ro-

684 2433 889 2460 manorum
904 2452 915 2471 ‚
929 2418 996 2473 ‘q‘ui
1015 2435 1120 2461 nunc
1138 2422 1179 2462 in
1201 2435 1293 2463 eum

683 2483 856 2522 colonos
881 2482 1060 2522 mittunt.

747 2542 771 2583 8
793 2543 848 2583 Et
867 2545 910 2585 C.
934 2542 1139 2583 Salonius.
1159 2542 1175 2596 ]
1200 2542 1297 2583 De-

683 2602 877 2644 fidei-atur
952 2617 1100 2644 nomen
1131 2647 1138 2652 ,
1182 2604 1297 2647 tertii

685 2664 902 2709 triumviri·
1023 2720 1084 2773 Μ
