1680 3052
239 116 286 173 L
329 130 351 170 1
398 127 431 168 B
481 127 516 167 E
559 127 597 168 R
682 110 1061 170 XXXIV.·
1186 127 1305 191 219

33 199 211 248 liebrem
246 193 541 262 appellarunt
580 187 774 254 majores
815 192 963 256 nostri.
1005 193 1138 258 Quid
1170 195 1308 243 aliud
1323 204 1515 258 U.c.55·7.·

33 267 86 315 in
123 265 241 314 luft'u
269 300 284 323 ,
327 261 461 326 quam
496 276 749 325 purpuram
799 273 934 324 atque
969 277 1130 306 aurum
1164 263 1304 325 depo·
1321 262 1513 315 8.(3-195·

0 376 4 381 «
35 334 187 383 nunt?
223 331 362 396 quid,
394 345 527 393 quum
560 326 828 385 eluxerunt,
857 325 1086 390 sumunt?
1120 329 1235 391 quid
1256 331 1308 377 in

32 397 412 468 gratulationibus
422 393 946 461 supplicationibusque,
973 394 1063 457 nist
1079 396 1311 442 excellen-

36 469 190 517 tiorem
208 480 414 515 ornatum
431 500 448 521 ,
471 459 735 527 adjiciunt?
759 461 977 518 Scilicet,
987 463 1030 525 fi
1044 462 1180 528 legem
1205 465 1310 528 Op-

0 556 2 596 1
29 538 158 602 piam
177 531 496 599 abrogaveritis
509 566 526 590 ,
543 549 633 578 non
656 529 786 596 vestri
805 529 985 577 arbitrii
1002 530 1085 577 erit
1100 566 1119 587 ,
1133 531 1181 594 si
1199 530 1315 595 quid

36 598 136 668 ejus
166 615 316 650 vetare
337 598 576 648 volueritis
592 634 611 656 ,
647 599 769 663 quod
786 615 906 646 nunc
938 598 1017 645 lex
1036 612 1162 646 vetat
1182 615 1202 655 ;
1226 599 1313 644 mi·

0 661 1 666 ¹
36 668 246 734 niesfiliae
264 705 281 727 ,
300 685 486 727 uxores,
495 665 674 731 fhrores
696 667 830 714 etiam
855 664 1120 732 quibusdam
1139 667 1187 713 in
1208 675 1312 713 mad

37 755 101 788 nu
133 752 277 786 erunt.
304 738 558 799 Nunquam
583 733 738 797 salvis
761 732 865 797 suis
904 736 1089 782 exuitur
1107 733 1312 797 servitus

38 804 264 855 muliebris
289 821 303 851 .·
337 804 382 852 δ’
418 801 522 868 ipsae
543 802 791 850 libertatern
809 836 827 859 ‚
857 818 994 866 quam
1025 801 1232 849 viduitas
1264 801 1313 850 G·

37 873 209 923 orbitas
222 868 379 937 facit,
408 871 690 934 detestantur.
711 868 769 918 In
799 871 936 935 vestro
967 869 1157 917 arbitrio
1181 869 1312 931 ficum

38 955 244 991 ornatum
264 976 282 997 ,
316 939 450 1004 quam
477 939 524 985 in
565 937 737 1004 legibus
756 973 771 996 ,
810 936 988 985 malunt
1011 935 1107 1000 effi.
1133 938 1202 985 Et
1225 955 1314 986 vos

37 1010 86 1058 in
115 1025 252 1056 manu
286 1006 331 1054 6³
361 1006 505 1054 tutela
525 1040 543 1064 ,
573 1023 663 1054 non
689 1005 738 1053 in
755 1004 946 1070 servitio
963 1005 1132 1053 debetis
1152 1005 1315 1053 habere

39 1093 152 1135 eas,·
186 1075 232 1125 6·
266 1075 403 1122 malle
438 1088 709 1139 patresvos
744 1087 828 1121 aut
868 1073 1025 1129 viros,
1061 1073 1195 1138 qua'm
1219 1074 1316 1122 do-

39 1145 184 1194 minos
228 1144 340 1192 dici.
377 1141 623 1205 Invidiosts
655 1140 911 1189 nominibus
942 1142 1153 1189 utebatur
1180 1134 1315 1190 modo

37 1211 226 1275 consul,
248 1210 516 1276 seditionem
545 1207 832 1268 muliebrem,
863 1208 908 1257 δ’
929 1208 1206 1273 seceffionem
1230 1227 1315 1274 ap·-

0 1293 1 1343 1
34 1280 271 1346 pellandO.
292 1278 351 1326 Id
374 1278 486 1326 enim
509 1276 761 1342 periculum
779 1277 835 1342 est
849 1312 867 1334 ,
888 1295 942 1326 ne
967 1280 1161 1325 Sacrum
1182 1295 1318 1325 mon-

39 1363 126 1396 tem
143 1384 160 1405 ,
183 1347 304 1411 ficut
324 1347 547 1410 quondam
575 1346 695 1393 irata
720 1345 852 1411 plebs
872 1380 890 1402 ,
918 1359 1000 1392 aut
1025 1345 1314 1394 Aventinum

39 1415 246 1480 capiant.
286 1414 565 1463 Patiendum
605 1413 709 1461 huic
741 1411 997 1478 infirmitati
1036 1414 1121 1477 esi,
1160 1415 1314 1476 quod-

39 1499 211 1546 cunque
239 1500 321 1530 vos
342 1480 599 1544 censueritis
618 1498 639 1538 ,⁰
664 1480 751 1545 quo
779 1480 889 1548 plus
901 1482 1114 1547 potestis,
1148 1480 1197 1527 eo
1218 1490 1316 1529 moo'

37 1548 239 1598 deratiits
263 1550 449 1613 imperio
479 1548 548 1596 uti
580 1548 767 1597 debetis.

107 1615 248 1665 VIII.
278 1615 398 1665 Haec
428 1633 575 1682 quum
607 1630 774 1665 contra
799 1614 958 1684 legem
987 1632 1177 1683 proque
1200 1615 1312 1684 lege
1379 1638 1517 1700 opp&

41 1683 165 1733 dieta
198 1683 346 1735 effent
367 1721 381 1744 ,
417 1683 661 1749 aliquanto
699 1682 855 1747 major
886 1683 1158 1751 frequentia
1196 1702 1308 1734 mu·
1322 1704 1515 1748 texam-

39 1752 208 1801 lierum
250 1750 444 1820 postero
485 1752 563 1800 die
604 1750 701 1802 sese
741 1754 792 1801 in
828 1752 1073 1818 publicum
1109 1751 1310 1815 effudit,
1322 1779 1438 1825 gam,
1508 1748 1520 1762 “

40 1836 234 1887 unoque
260 1821 452 1888 agmine
484 1836 657 1869 omnes
685 1820 988 1869 tribunorum
1017 1819 1181 1885 januas
1223 1821 1317 1871 ob-

37 1887 262 1938 sederunt
283 1926 298 1949 ,
329 1889 411 1955 qui
447 1888 743 1954 collegarum
773 1889 1011 1956 rogationi
1042 1889 1316 1950 intercede-

39 1955 156 2005 bant
185 1973 198 2005 :
227 1973 318 2006 nec
348 1957 459 2005 ante
489 1954 802 2015 abstiterunt,
832 1955 977 2022 quam
1013 1956 1198 2007 remissa
1231 1959 1314 2006 in-

38 2022 258 2074 terceffio
289 2024 348 2072 ab
379 2023 579 2072 tribunis
616 2022 748 2073 effet.
774 2023 920 2074 Nulla
948 2025 1124 2074 deinde
1161 2024 1314 2075 dubi-

38 2093 158 2141 tatio
179 2090 267 2140 fuit
285 2129 299 2151 ‚
321 2093 435 2157 quin
455 2108 625 2141 omnes
641 2092 788 2141 tribus
807 2092 966 2160 legem
990 2093 1311 2161 abrogarent3

38 2176 171 2208 anno
201 2159 438 2226 vigefimo
474 2158 581 2225 post
617 2160 846 2228 abrogata
880 2159 948 2210 est
970 2199 986 2222 ,
1023 2160 1167 2228 quam
1199 2162 1312 2213 lata.

41 2225 118 2276 M.
156 2226 349 2277 Porcius
384 2226 545 2276 consul
574 2264 590 2288 ,
630 2228 942 2295 posteaquam
981 2229 1210 2297 abrogata
1241 2229 1310 2280 est

41 2293 209 2374 Oppia
242 2296 355 2356 lex,
386 2295 636 2361 extemplo
666 2298 1079 2376 viginti-quinque
1109 2297 1309 2348 navibus
1319 2264 1512 2381 [πῖἰέἷὲ

41 2362 199 2430 longls
225 2399 242 2423 ,
279 2381 478 2430 quarum
513 2364 723 2430 quinque
763 2365 999 2415 soc1orum
1037 2382 1170 2414 erant
1196 2403 1210 2426 ‚
1245 2366 1442 2430 adniam.

41 2428 187 2488 Lunae
218 2446 410 2497 portum
436 2430 706 2498 profthus,
731 2432 909 2483 eodem
938 2436 1151 2482 exercitu
1183 2452 1310 2481 con-

41 2499 210 2547 venire
239 2497 358 2563 jusso
379 2536 394 2558 ‚
422 2501 475 2549 &
499 2538 513 2560 ‚
544 2499 702 2550 edicto
734 2518 822 2566 per
853 2518 989 2551 oram
1021 2502 1311 2550 maritimam

44 2563 180 2614 misso
212 2603 230 2624 ,
267 2567 466 2616 navibus
510 2570 667 2617 omnis
706 2571 893 2636 generis
937 2567 1221 2628 contractu,
1252 2570 1311 2616 ab

44 2631 184 2683 Luna
209 2632 703 2709 proficiscensedixit,
722 2651 774 2689 ut
799 2637 858 2691 ad
876 2634 1318 2753 Ροηυὲιξγτεηεεί

1082 2718 1112 2770 ¹1
