1680 3052
338 137 455 203 250
625 122 680 182 T
722 139 745 181 1
789 139 832 182 ‘r
873 137 896 178 1
986 123 1033 181 L
1076 140 1099 181 1
1143 140 1189 181 v
1231 140 1253 181 1
1297 139 1322 181 1

137 206 499 275 U..c557.s⁶1'af²2·
538 202 567 254 8
609 206 788 264 Enim,
815 220 865 255 ut
898 202 1003 270 jam
1036 206 1105 253 ita
1132 207 1228 270 sint
1258 207 1383 264 haec,
1413 207 1529 272 quid
1557 203 1626 260 αδ

136 290 173 320 a.
180 279 226 322 C.
216 291 322 337 ..195
335 293 456 332 vos,
481 276 683 322 Romani
721 274 748 321 ?
781 274 885 322 Hoc
919 288 969 321 tu
994 274 1128 327 dicas
1157 242 1454 323 liberantibus
1483 265 1621 326 (ἶναιὲ-

337 343 484 390 ciam.
481 342 503 374 Ρ
524 343 607 390 lzoc
635 343 734 400 iis,
763 343 841 405 qui
867 356 916 388 ut
944 341 1134 388 liberare
1164 339 1372 406 poffint,
1390 360 1512 391 mare
1530 358 1624 393 tra-

328 407 540 475 jecerunt
559 447 577 488 .’
620 410 739 457 'terra
774 409 976 473 marique
1011 407 1241 486 geffirunt
1269 410 1432 457 bellum
1462 411 1489 457 ?
1530 418 1622 462 Vos

337 493 489 526 tamen
511 479 732 541 ‚inquit‚
760 480 1032 541 vestramque
1066 478 1314 525 amicitiam
1349 495 1406 525 ac
1428 478 1627 543 societa-

338 560 425 593 tem
451 548 630 610 proprie
653 564 742 594 non
767 544 964 593 violavi.
989 546 1182 610 Quoties
1206 547 1278 594 vis
1302 561 1342 593 te
1365 548 1418 594 id
1436 564 1632 612 arguam'

325 613 488 679 feciffi
521 616 548 661 ,Ρ
583 616 677 661 Sed
708 613 813 661 nolo
847 613 1096 677 pluribus:
1118 613 1340 691 summam
1373 632 1460 662 rem
1495 633 1622 663 com-

333 682 524 747 pleblar.
568 682 748 747 Quibus
785 681 925 746 igitur
958 681 1089 728 rebus
1124 682 1333 729 amicitia
1366 682 1601 731 violatur.
1595 684 1622 718 Ρ

337 751 518 813 Nempe
552 751 622 797 his
660 749 839 796 duabus
868 749 1064 796 maxime*
1087 783 1103 805 ,
1129 750 1177 812 fi
1203 749 1357 814 socios
1388 768 1506 798 meos
1536 770 1623 817 pro

336 818 535 881 hostibus
581 817 795 876 lzabeas;
839 817 877 877 fi
905 834 1005 864 cum
1041 817 1229 901 hostibus
1270 832 1311 864 te
1351 816 1623 885 conjungas.

341 886 506 933 Utrum
557 904 647 934 non
683 904 713 932 a
746 901 787 934 te
812 885 985 948 fusium
1022 885 1122 949 est?
1157 887 1283 933 Nam
1317 886 1361 933 δ’
1393 886 1622 951 Mcffenen

338 971 431 1002 uno
462 969 596 1018 atque
626 955 773 1001 eodem
804 951 905 1015 jure
934 951 1122 1017 foederis
1146 990 1164 1011 ,
1195 971 1282 1018 quo
1318 955 1362 1002 δ’
1392 958 1621 1003 Lacedae-

338 1039 510 1070 monem
542 1058 557 1078 ,
590 1023 637 1069 in
673 1022 923 1069 amicitiam
952 1024 1140 1085 nostram
1168 1038 1398 1087 acceptam
1423 1061 1438 1083 ‚
1462 1023 1621 1087 fhcius

336 1089 432 1154 ipse
455 1090 630 1154 fhciam
667 1090 797 1137 nobis
830 1089 976 1136 urbem
1015 1090 1063 1137 vi
1093 1104 1226 1153 atque
1257 1092 1396 1138 armis
1427 1093 1576 1157 cepisti
1602 1111 1620 1142 .·

337 1158 384 1205 δ’
408 1176 506 1205 cum
544 1159 763 1224 Philippo
795 1159 907 1224 hoste
941 1160 1114 1223 nostro,
1143 1176 1231 1205 non
1258 1158 1473 1222 soczetat
1462 1177 1520 1206 0m
1540 1159 1620 1223 sb-

335 1225 463 1283 lum,
484 1226 601 1291 sed,
624 1242 653 1291 9
680 1229 728 1291 fi
754 1227 845 1273 diis
877 1226 1066 1298 placet,
1089 1224 1356 1291 affinitatem
1386 1229 1519 1275 etiam
1537 1246 1643 1293 per

331 1295 592 1344 Philoclem
631 1294 882 1360 praefet‘ium
922 1312 1021 1356 eJus
1059 1295 1323 1359 pepigisti:
1360 1296 1404 1343 ᾧ
1453 1295 1618 1344 bellum

334 1362 577 1411 adversum
615 1382 698 1411 nos
732 1381 928 1442 gerens)
958 1380 1078 1409 mare
1108 1364 1228 1410 circa
1253 1364 1463 1411 Maleam
1493 1364 1619 1429 infe-

322 1432 441 1497 stum
477 1431 677 1480 navibus
715 1432 930 1514 piraticis
962 1429 1113 1494 fecisti
1150 1448 1163 1478 .·
1207 1430 1250 1478 6⁹
1286 1433 1446 1496 plures
1477 1450 1623 1498 prope·

331 1500 457 1547 cives
493 1503 764 1557 Romanos,
803 1518 936 1565 quam
968 1499 1255 1564 Philippus,
1292 1501 1441 1565 cepisti
1481 1515 1616 1566 atque

330 1569 534 1630 occidisti
565 1587 576 1616 :
609 1569 836 1633 tutiorque
869 1569 1160 1615 Macedoniae
1192 1584 1271 1613 ora
1292 1604 1305 1626 ‚
1331 1571 1466 1632 qua'm
1503 1586 1618 1633 pro-

332 1638 601 1685 montorium
630 1636 799 1685 Maleae
829 1651 1100 1683 commeatus
1119 1636 1183 1682 ad
1202 1638 1425 1684 exercitus
1447 1640 1614 1701 nostros

323 1706 617 1770 portantibus
640 1706 835 1753 navibus
853 1706 968 1769 fuit.
991 1704 1194 1751 Proinde
1218 1719 1234 1750 1
1258 1706 1455 1770 parcesis
1473 1706 1614 1769 fidem

330 1791 388 1821 ac
407 1772 523 1837 jura
557 1774 795 1837 fhcietatis
817 1773 993 1838 jaffare
1018 1789 1033 1819 .·
1055 1772 1100 1820 ὃ·
1134 1773 1301 1836 omiſsa
1333 1789 1359 1820 2
1391 1775 1615 1839 populari

328 1844 532 1890 oratione
557 1878 576 1899 ‚
604 1857 820 1905 tanquam
852 1856 1079 1905 tyrannus
1111 1840 1156 1888 6²
1188 1842 1319 1906 hostis
1349 1841 1542 1907 loquere.

398 1908 635 1958 XXXIII.
670 1909 768 1959 Sub
808 1909 910 1957 haec
948 1907 1207 1956 Aristaenus
1245 1925 1370 1957 nunc
1408 1922 1612 1960 monere

326 1976 493 2026 Nabin
518 2017 536 2038 ,
567 1996 692 2027 nunc
726 1977 872 2027 etiam
918 1993 1054 2026 orare
1078 2013 1094 2038 ,
1125 1990 1177 2024 ut
1199 2013 1214 2034 ,
1249 1976 1365 2024 dum
1404 1978 1615 2039 liceret3

325 2046 442 2096 dum
476 2046 663 2097 occafio
698 2045 813 2096 effet
835 2084 851 2108 ‚
872 2044 957 2096 fibi
990 2063 1045 2095 ac
1075 2044 1281 2094 fortunis
1310 2045 1399 2094 suis
1433 2046 1612 2097 consu-

384 2178 410 2220 8
435 2179 552 2220 Enim
571 2208 583 2227 ,
603 2193 645 2221 ut
666 2180 751 2234 jam
773 2180 831 2220 ita
853 2179 937 2234 fint
998 2179 1146 2220 tollere
1170 2179 1333 2220 audeat.

323 2242 445 2294 luza]
470 2242 570 2282 vid.
593 2253 682 2283 not.
703 2256 730 2293 4
751 2270 762 2290 ,
791 2244 840 2283 ad
859 2244 932 2285 lib.
1065 2254 1080 2282 1
1100 2240 1312 2295 Parcest<‚]
1330 2240 1611 2297 Define‚quae-

318 2302 467 2346 XXIII
493 2332 505 2349 ‚
538 2318 575 2344 c.
609 2317 683 2354 45.
997 2302 1053 2344 so.
1076 2305 1174 2346 Vox
1187 2304 1242 2357 fis
1259 2304 1468 2358 usurpatur
1483 2305 1616 2359 profi'
1634 2323 1644 2333 ³

381 2378 407 2418 9
429 2366 476 2406 Si
508 2365 582 2405 diis
610 2366 746 2418 placet
765 2395 776 2414 ,
802 2365 929 2421 affini·
995 2366 1053 2406 vis
1070 2395 1084 2412 ,
1109 2378 1151 2406 ut
1168 2364 1287 2419 sodes
1304 2365 1431 2419 profi
1451 2369 1568 2407 audes
1589 2395 1606 2416 ,.

311 2439 438 2468 tatem
485 2428 656 2481 etiarm]
693 2429 928 2484 Indignatur
993 2429 1034 2468 ὅ(
1054 2429 1280 2469 molliendae
1299 2428 1346 2467 ad
1367 2429 1602 2470 comitatem
1669 2471 1680 2480 ,

314 2489 508 2543 Quintius
526 2518 539 2537 ,
562 2491 690 2529 Nabin
712 2501 924 2545 tyrannum
990 2492 1163 2531 orationi
1194 2490 1421 2531 adhibetur.

312 2550 381 2592 fibi
399 2550 551 2592 tantum
571 2567 760 2607 arrogare
781 2581 791 2599 ‚
812 2565 856 2594 ut
874 2554 923 2594 ad
1050 2566 1075 2592 2
1107 2551 1317 2607 Populati.
1340 2552 1360 2608 J
1397 2551 1601 2596 Plaufibifi

309 2611 545 2655 affinitatem
572 2629 661 2655 curn
689 2615 798 2670 regia
825 2615 921 2655 Ma·
981 2612 1025 2662 in
1059 2616 1221 2672 vulgus·

309 2676 513 2719 cedonum
534 2676 655 2720 domo
675 2677 830 2720 animos
852 2686 919 2719 at-
