1680 3052
319 116 394 195 36
603 118 875 180 Tri-i
966 122 1310 180 leit

107 201 359 273 ute-552⁸&
381 237 396 262 ‚
434 199 606 268 ingens
642 202 720 252 die
751 221 851 252 uno
883 203 1018 252 cursu
1044 206 1333 254 emetientes
1357 201 1606 272 spatium}

111 277 296 320 a.C.2co.
315 271 673 336 contemplatus
714 273 901 339 regium
946 290 1124 338 agmen
1164 290 1190 321 e
1240 272 1429 338 specula
1477 289 1597 337 qua-

315 338 429 387 dam
453 376 467 398 ‚
500 338 775 406 praegressus
804 338 951 388 nocie
979 340 1140 388 media
1168 339 1386 388 Athenas
1419 357 1598 407 petve-

313 405 470 456 niffet.
507 405 646 456 Idem
679 408 744 456 ibi
779 406 1009 467 somnuS,
1037 406 1308 473 eademque
1344 408 1598 474 negligen-

313 477 382 524 tia
431 490 535 524 erat
564 513 579 536 ‚
625 493 730 540 quae
775 473 1066 523 Chalcidem
1110 475 1211 524 dies
1256 490 1367 524 ante
1415 493 1598 541 paucos

314 542 853 610 prodideratsExcitati
889 543 1069 594 nuncio
1103 543 1297 608 trepido
1330 544 1381 593 ὅ(
1420 559 1598 609 praetor

315 609 687 661 Atheniensium
721 611 773 660 ὃ(
797 609 1078 676 Dioxippus
1109 610 1359 675 praefectus
1386 612 1599 661 cohortis

314 680 544 730 mercede
586 679 899 727 militantium
942 679 1226 727 auxiliorum
1257 715 1272 740 ‚
1316 682 1599 729 convocatis

315 749 366 796 in
401 747 563 796 forum
599 747 828 795 militibus
853 784 867 807 ‚
891 747 1006 795 tuba
1042 745 1226 812 signum
1259 765 1318 795 ex
1355 766 1462 797 arce
1498 748 1600 797 dari

313 814 489 882 jubent
512 854 525 876 ,
548 830 600 864 ut
627 814 786 864 hostes
818 813 975 864 adesse
1005 832 1176 864 omnes
1207 815 1378 866 scirent
1398 819 1492 865 :ita
1514 835 1601 865 un-

314 884 463 951 dique
497 902 531 945 4
561 884 621 932 ad
650 897 812 949 portas
833 920 847 944 ‚
885 882 991 950 post
1027 883 1087 931 ad
1118 902 1282 932 muros
1319 884 1601 935 discurrunt.

313 951 495 1001 Paucas
528 951 636 1018 post
665 953 807 1001 horas
837 951 1119 1018 Philippus,
1150 953 1398 1018 aliquanto
1435 968 1600 1002 tamen

315 1038 428 1070 ante
468 1021 626 1069 lucem
652 1058 666 1080 ‚
708 1023 1104 1086 appropinquans
1142 1021 1290 1080 urbi,
1333 1020 1600 1087 conspectis

314 1089 572 1138 luminibus
609 1089 787 1137 crebris
809 1126 824 1148 ,
846 1089 898 1136 &
923 1087 1118 1137 fremitu
1153 1088 1406 1138 hominum
1441 1093 1600 1156 trepi=

314 1158 535 1206 dantium
571 1156 664 1224 (ut
690 1160 738 1205 in
769 1157 851 1205 tali
887 1155 1131 1223 tumultu)
1161 1158 1386 1206 exaudito
1409 1195 1423 1217 ‚
1460 1158 1602 1207 susti·-

313 1228 419 1275 nuit
440 1225 598 1294 figna:
621 1227 673 1274 ὃ(
700 1223 948 1274 confidere
976 1243 1030 1273 ac
1057 1226 1399 1292 conquiescere
1422 1243 1600 1293 agmen

315 1292 483 1359 juffit,
529 1296 578 1343 vi
635 1294 799 1361 aperta
847 1294 1099 1360 propalam
1149 1293 1310 1342 usurus
1342 1332 1356 1354 ‚
1401 1295 1600 1361 quando

314 1380 491 1429 parum
520 1363 658 1412 dolus
684 1361 946 1429 profuerat.
976 1377 996 1427 5
1027 1361 1108 1409 Ab
1139 1361 1336 1429 Dipylo
1373 1362 1562 1412 acceffit
1585 1380 1609 1412 ς

313 1447 458 1498 porta
497 1448 552 1480 ea
579 1470 593 1492 ‚
627 1432 764 1481 velut
808 1432 863 1480 in
902 1447 985 1480 ore
1025 1431 1163 1478 urbis·
1202 1429 1355 1496 posita
1386 1471 1402 1490 ,
1442 1430 1601 1495 major-

313 1501 561 1566 aliquanto
598 1501 936 1565 patentiorque
959 1536 972 1559 ‚
1009 1498 1156 1564 quam
1186 1516 1390 1559 ceterae,
1416 1498 1480 1548 est
1507 1517 1516 1547 z
1545 1501 1600 1549 ὃ(

312 1570 438 1618 intra
471 1586 578 1617 eam
616 1583 845 1634 extraque
872 1567 979 1616 latae
1006 1566 1112 1616 sunt
1135 1568 1223 1616 viae
1245 1605 1260 1627 ‚
1282 1581 1334 1616 ut
1361 1569 1414 1616 δε
1450 1570 1602 1634 oppi-

311 1637 426 1686 dani
453 1638 659 1702 dirigere
693 1639 849 1685 aciem
877 1656 902 1684 a
932 1635 1042 1684 foro
1067 1635 1127 1684 ad
1160 1651 1349 1701 portam
1376 1634 1563 1702 possent
1584 1653 1609 1697 ᾖ

316 1706 370 1753 ἃ
398 1721 530 1754 extra
550 1701 688 1755 limes
708 1706 838 1754 mille
858 1703 1012 1754 ferme
1033 1702 1185 1770 passus
1206 1706 1253 1751 in
1269 1705 1297 1754 6
1315 1703 1602 1754 Academiae

312 1773 620 1840 gymnasium
658 1772 817 1823 feren-s
851 1810 869 1832 ,
922 1772 1075 1838 pediti
1108 1773 1355 1840 equitique
1391 1772 1603 1822 hostium

310 1842 519 1892 liberum
564 1842 765 1908 spatium
815 1842 1074 1907 praeberet.
1119 1840 1192 1890 Eo
1240 1841 1390 1891 limite
1435 1841 1604 1891 Athe«-

310 1911 498 1960 ni-enses
532 1929 643 1959 cum
676 1910 831 1959 Attali
858 1908 1078 1976 praefidio
1099 1946 1114 1969 ,
1149 1909 1202 1958 &
1238 1911 1445 1959 cohorte
1475 1908 1604 1959 Dio,-

307 1981 447 2045 xippi
477 2016 496 2038 ,
523 1981 627 2028 acie
666 1981 790 2027 intra
825 1994 1020 2043 portam
1051 1976 1266 2026 instruEia
1298 2015 1313 2039 ‚
1347 1977 1477 2044 signa
1513 1996 1600 2028 ex-

308 2048 541 2097 tulerunt.
572 2046 730 2114 Quod
761 2046 842 2095 ubi
871 2046 1121 2113 Philippus
1153 2046 1273 2096 vidit
1295 2084 1309 2108 ,
1341 2046 1521 2097 habere
1551 2048 1599 2099 se

370 2192 400 2232 4
438 2181 508 2221 Ad
535 2192 710 2235 portas,
750 2180 841 2235 post
872 2181 924 2219 ad
988 2178 1100 2222 Olim
1127 2178 1271 2234 privati
1304 2178 1475 2221 hominis
1502 2180 1601 2222 hor-

306 2243 474 2294 muros.]
495 2242 605 2299 Lege
624 2244 676 2281 ad
691 2256 831 2297 portas
851 2270 861 2290 ‚
884 2241 921 2282 Gr
985 2252 1050 2282 tus
1082 2242 1214 2282 fuerat
1235 2270 1246 2290 ,
1268 2241 1403 2296 postea
1433 2243 1599 2284 celebre

306 2307 362 2345 ad
377 2320 520 2345 murose
985 2303 1225 2359 gymnasium
1247 2335 1257 2354 ‚
1289 2303 1329 2342 in
1363 2317 1444 2356 quo
1481 2303 1598 2345 Plato

374 2381 390 2416 5
426 2366 490 2406 Ab
513 2366 674 2420 Dipylo
705 2364 918 2420 acceffit.]
983 2368 1033 2406 de
1083 2365 1331 2420 philosophia
1382 2365 1557 2406 differuit
1582 2395 1600 2414 9

285 2427 482 2470 -Acceffit
518 2431 567 2467 ad
604 2429 742 2468 urbem
778 2430 826 2468 ab
869 2441 916 2468 ea
981 2428 1087 2468 unde
1115 2427 1204 2481 ejus
1237 2425 1414 2480 discipuli
1438 2428 1599 2468 Acade-

302 2504 419 2546 parte
440 2519 450 2537 ,
473 2485 550 2544 qua
582 2489 646 2529 illa
675 2499 792 2544 porta
827 2489 881 2530 est
901 2516 913 2536 ,
978 2488 1071 2529 mici
1095 2488 1199 2529 dieti.
1222 2489 1383 2529 Nomen
1416 2489 1599 2531 ducebat

302 2568 385 2607 qur
404 2565 574 2593 vocatur
591 2551 790 2607 Dipylon.
810 2551 911 2595 Vid.
976 2552 1024 2590 ab
1048 2550 1259 2592 Acardemo
1284 2579 1297 2601 ‚
1322 2550 1401 2593 five
1434 2551 1598 2593 Ecadea

301 2617 332 2657 l.
365 2614 498 2662 VIII,
520 2629 556 2655 c.
597 2624 666 2664 17.
975 2626 1042 2654 mo
1071 2613 1217 2657 heroe.

362 2675 390 2719 6
403 2676 626 2721 Academiae
635 2673 911 2735 gymnasium]
