1680 3052
305 147 383 207 34
587 130 643 190 T
685 145 708 189 1
748 148 790 191 T
835 148 858 189 1
943 131 996 192 L
1041 150 1062 190 1
1111 151 1156 190 v
1200 150 1221 192 1
1271 148 1294 192 1

93 211 394 278 U,c,552,dos
431 211 698 263 maritimos
739 232 880 282 agros
920 230 1227 282 comparatae.
1252 216 1357 266 Hac
1390 215 1525 267 classe
1556 214 1595 268 ff

93 279 283 322 a·C·200-
302 281 413 329 urbs
447 283 644 349 agrique
671 280 1038 331 Atheniensium
1072 283 1450 334 defenderentur
1476 324 1489 347 ‚
1519 287 1592 334 sa-

299 351 360 398 tis
393 350 441 399 in
480 349 729 416 praesentia
765 349 1050 399 existimanti
1082 350 1291 401 Claudio
1330 351 1424 402 esse
1445 391 1460 414 ‚
1485 370 1593 402 ma.-

300 415 419 484 j0ris
459 420 607 466 etiam
642 420 709 467 rei
741 416 935 467 fortuna
968 419 1132 467 oblata
1158 417 1241 469 est.

132 496 288 539 Chalci-
369 485 558 534 XXIII.
587 484 784 534 Exsules
822 486 882 534 ab
914 484 1149 536 Chalcide
1179 489 1427 554 regiorum
1462 486 1591 551 inju-

91 552 181 598 'dem
217 553 378 603 oc-riis
412 553 531 622 pulsi
570 554 832 603 attulerunt
855 590 871 614 ‚
905 556 1134 620 occupari
1169 554 1456 604 Chalcidem
1488 555 1588 606 fine

90 633 240 675 cupam
300 625 564 672 certamine
590 621 689 670 ullo
716 620 849 687 poffe
871 639 881 669 ε
905 639 1019 670 nam
1048 623 1098 672 ὃ(
1119 622 1418 674 Macedonas
1439 662 1453 685 ,
1475 626 1595 691 quia

91 680 281 728 Rmam'·
297 692 454 740 nullus
480 694 527 740 in
561 691 837 756 propinquo
873 688 928 739 fit
955 689 1163 739 hostium
1198 707 1352 741 metus
1376 729 1388 752 ‚
1420 695 1592 759 vagari

294 758 466 826 paffim
499 797 513 820 ‚
557 759 609 807 ὃ(
659 758 935 825 oppidanos
983 758 1201 824 praefidio
1248 760 1590 811 Macedonum*

293 829 483 888 fretos,
520 825 784 876 custodiam
821 828 950 876 urbis
987 828 1253 895 negligeoe.
1291 829 1381 877 His
1418 828 1588 878 auclo-

287 896 420 946 ribus
449 895 691 963 profeelus
718 933 731 956 ,
762 912 1038 962 quanquam
1067 895 1267 945 Sunium
1298 899 1359 946 ita
1393 899 1585 947 mature³>

288 978 621 1032 pervenerat,
654 977 705 1012 ut
740 963 853 1013 inde
891 964 1101 1030 provehi
1130 964 1158 1013 8
1194 965 1253 1013 ad
1289 967 1465 1031 primas
1496 984 1586 1015 ana

291 1033 465 1100 gussias
486 1031 687 1080 Euboeae
717 1029 903 1098 poffet3
935 1049 996 1081 ne
1025 1031 1248 1098 superato
1286 1050 1584 1099 promonto-

287 1104 363 1151 rio
396 1100 754 1168 conspiceretur
775 1138 789 1159 ‚
811 1097 1002 1149 classem
1034 1102 1083 1149 in
1111 1100 1314 1151 statione
1345 1101 1489 1169 usque
1520 1103 1588 1153 arf

287 1169 484 1219 nociem
515 1169 690 1219 tenuit.
713 1166 882 1217 Primis
908 1169 1118 1218 tenebris
1152 1171 1308 1219 movit
1335 1189 1345 1218 :
1375 1170 1426 1219 ὃ(
1448 1185 1586 1220 tran-

286 1239 440 1305 quillo
485 1236 739 1305 pervectus
778 1235 1068 1287 Chalcidem
1101 1275 1115 1298 ‚
1150 1239 1298 1303 paulo
1347 1254 1458 1288 ante
1503 1240 1580 1288 lu-

285 1324 397 1356 cem
420 1345 433 1367 ,
467 1307 560 1373 qua
597 1304 1024 1372 infrequentiffima
1062 1307 1188 1355 urbis
1225 1307 1328 1355 sunt
1359 1346 1372 1368 ‚
1410 1310 1583 1374 paucis-

284 1376 518 1425 militibus
568 1376 735 1425 turrim
785 1376 1061 1440 proximam
1110 1392 1398 1442 murumque
1450 1376 1579 1426 circa

282 1443 417 1493 scalis
441 1444 569 1509 cepit
590 1482 604 1504 ‚
635 1443 747 1491 alibi
774 1442 939 1509 sopitis
972 1442 1244 1493 custodibus
1263 1482 1276 1503 ‚
1300 1444 1410 1492 alibi
1441 1445 1585 1494 nullo-

280 1511 585 1563 custodiente
611 1529 622 1560 ε
647 1509 880 1578 progressi
914 1511 1028 1561 inde
1065 1512 1125 1560 ad
1165 1511 1434 1578 frequentia
1463 1513 1577 1561 aedi·

280 1579 404 1630 ficiis
443 1582 551 1630 loca
578 1618 594 1641 ,
624 1579 899 1628 custodibus
935 1579 1191 1629 interfeclis
1215 1619 1229 1642 ,
1270 1580 1579 1647 refraclaque·

280 1650 427 1715 porta
458 1688 473 1709 ‚
513 1666 725 1697 ceteram
763 1648 1119 1698 multitudinem
1157 1663 1452 1699 armat-orum
1487 1668 1576 1698 ac·-

278 1732 531 1784 ceperunt.
567 1716 685 1766 Inde
715 1720 761 1765 in
797 1731 950 1766 totam
982 1719 1153 1766 urbem
1184 1717 1438 1766 discursum
1473 1717 1538 1767 est
1559 1735 1581 1767 r

280 1786 420 1837 aneio
462 1789 608 1836 etiam
642 1784 849 1835 tumultu
882 1823 895 1844 ‚
930 1786 1061 1851 quod
1093 1787 1217 1834 circa
1251 1785 1412 1836 forum
1447 1788 1580 1853 ignis,

276 1854 414 1905 teciis
462 1852 662 1920 inJectus
711 1868 828 1903 erat.
878 1852 1253 1921 Conflagrarunt
1294 1854 1344 1905 &
1392 1854 1575 1904 horrea<

276 1926 411 1990 regia
442 1961 457 1984 ‚
498 1925 550 1973 ὅ(
591 1924 1016 1972 armamentarium
1052 1940 1161 1972 cum
1201 1924 1386 1990 ingenti
1420 1941 1574 1989 appa-

276 2007 383 2041 ratu
420 1992 750 2040 machinatum
785 2005 1260 2058 tormentorumque.
1290 1989 1464 2041 Caedes
1495 1993 1575 2040 in·-

276 2060 339 2109 de
376 2057 543 2126 paffim
577 2059 865 2126 fugientium
896 2061 1073 2125 pariter
1105 2078 1158 2108 ac
1196 2061 1576 2127 repugnantium»

272 2128 381 2177 fieri
419 2144 582 2193 coepta
617 2125 685 2176 est
722 2145 733 2175 :
774 2144 862 2177 nec
902 2128 1003 2178 ullo
1041 2127 1138 2194 jam
1172 2165 1185 2187 ‚
1231 2131 1312 2194 qui
1350 2129 1577 2178 militaris

272 2196 425 2245 aetatis
460 2195 576 2246 effer
600 2234 614 2255 ‚
645 2213 745 2245 non
776 2210 855 2245 aut
886 2194 1004 2245 caeso
1025 2235 1039 2257 ‚
1065 2209 1144 2245 aut
1175 2195 1342 2264 fugato
1367 2233 1381 2256 ‚
1407 2194 1574 2262 Sopa-

270 2281 348 2315 tro
395 2266 542 2313 etiam
585 2263 844 2313 Acarnane
892 2263 1118 2331 praefeclo
1170 2264 1379 2330 praefidii
1415 2266 1568 2313 inter-

271 2331 402 2387 fec‘io
426 2370 440 2393 ,
477 2332 641 2400 praeda
675 2335 833 2381 omnis
869 2333 1026 2399 primo
1062 2335 1109 2381 in
1144 2331 1305 2382 forum
1350 2333 1525 2381 collata
1549 2372 1576 2394 ‘r

272 2401 460 2456 deinde·
505 2403 555 2450 in
597 2418 747 2451 naves
790 2399 1057 2468 impofita:
1105 2417 1266 2465 carcer
1312 2403 1455 2450 etiam
1503 2402 1573 2450 ab·

269 2517 316 2543 ne
338 2499 435 2557 font
459 2500 577 2556 point
607 2498 765 2555 ponte's.
948 2498 1078 2538 boeam
1101 2495 1211 2545 ,usu-e
1233 2496 1281 2536 ad
1307 2495 1428 2550 prima
1451 2497 1566 2538 iniria

335 2563 359 2604 8
398 2563 469 2604 Ad
506 2562 652 2619 primas
692 2558 886 2617 angustias
949 2559 1086 2613 Euripi
1117 2558 1240 2605 freti,
1268 2572 1346 2611 quo
1365 2558 1517 2600 Euboea
1540 2573 1566 2602 3-

270 2624 464 2682 Euboeaeq
483 2625 545 2666 Ad
562 2639 652 2665 eum
668 2625 801 2664 locum
818 2622 887 2663 ubi
949 2621 1189 2665 continente
1222 2620 1427 2664 diffiditur,

268 2701 378 2730 mare
398 2687 540 2731 aretari
566 2686 707 2742 incipit
734 2685 784 2728 ad
803 2684 887 2726 Eu»
