1680 3052
360 133 483 188 ‘222‘
648 127 704 190 T
743 148 767 190 1
808 146 852 191 τ
892 147 918 189 1
1001 132 1051 188 L
1092 145 1115 187 1
1158 144 1205 187 v
1247 146 1271 188 1
1312 145 1341 188 1
1644 181 1652 190 .,

153 212 725 278 U.c.557.quat‘uordecim
746 213 894 262 millia
925 210 1096 278 pondo
1116 210 1418 280 septingenta
1443 202 1641 282 trigint3

155 278 496 342 30C.195.duo;
529 288 572 332 &
602 282 633 332 6
652 281 821 349 signati
852 281 1128 347 bigatorum
1157 279 1500 347 septemdecim
1528 284 1640 333 mil-

360 348 424 397 lia
456 350 627 417 viginti
661 352 786 408 tria3
821 348 873 397 ὃς
903 364 935 411 7
974 345 1197 397 Oscensis
1239 367 1290 397 ar
1326 351 1424 398 enti
1470 349 1639 417 viginti

359 417 510 467 millia
531 416 884 484 quadringenta
906 415 1099 482 triginta
1114 415 1260 473 ‚0&0.
1282 366 1438 466 {ausa
1465 420 1638 478 trium-

357 485 444 552 phi
463 484 674 552 negandi
701 484 881 534 senatui
908 483 997 532 fuit
1017 522 1031 544 ‚
1055 484 1188 551 quod
1215 485 1375 535 alieno
1397 485 1639 553 auspicio,

358 553 415 601 δι
460 554 509 601 in
570 553 725 602 aliena
774 553 1030 618 provincia
1082 552 1347 620 pugnasset.
1403 552 1640 605 Ceterum

355 620 559 670 biennio
580 620 688 687 post
707 621 917 670 redierat
935 658 950 680 ‚
980 638 1128 686 quum
1153 659 1169 682 ,
1198 621 1228 670 8
1263 623 1515 688 provincia
1538 622 1659 683 suc?

357 687 530 737 ceffori
559 688 633 756 Q.
665 689 889 738 Minucio
919 688 1094 738 tradita
1119 726 1134 749 ,
1171 706 1349 739 annum
1380 690 1643 758 insequen-

357 770 463 805 tem
491 770 708 807 retentus
738 758 806 807 ibi
838 758 992 824 longo
1019 757 1070 807 δι
1097 758 1233 823 gravi
1262 759 1439 807 morbo
1470 758 1642 812 fuiss'et.

355 821 531 892 Itaque
573 826 763 876 duobus
805 825 960 876 modo
1009 824 1249 874 menfibus
1292 828 1403 877 ante
1435 827 1643 878 Helvius

359 909 516 942 ovans
564 895 738 958 urbem
787 893 855 943 est
902 892 1131 960 ingressus
1159 931 1174 953 ,
1221 895 1367 959 quam
1410 893 1642 945 successor

169 959 463 1026 'MinuciieiUS
484 959 559 1026 Q.
581 962 823 1012 Minucius
849 962 1181 1026 triumpharet.
1203 962 1298 1011 Hic
1318 980 1514 1030 quoque
1534 964 1643 1014 tulit

157 1047 298 1084 trium·
360 1044 391 1093 9
418 1032 604 1097 argenti
635 1030 806 1096 pondo
836 1031 1031 1096 triginta
1068 1045 1275 1096 quatuor
1305 1032 1456 1079 millia
1486 1031 1644 1081 offin-

147 1104 264 1160 phus.
350 1112 529 1164 genta,
558 1114 576 1145 1
600 1099 877 1166 bigatorum
893 1098 1190 1165 septuaginta
1207 1098 1319 1148 ofto
1341 1099 1487 1148 millia
1502 1139 1518 1161 ‚
1537 1101 1590 1149 ὅ(
1613 1115 1642 1149 2

356 1165 582 1217 Oscensis
601 1169 787 1236 argenti
802 1168 1008 1216 ducenta
1025 1166 1323 1234 septuaginta
1340 1167 1454 1218 οὲὶο
1474 1169 1643 1222 millia.

415 1252 444 1295 6
466 1253 627 1308 Signatz‘
642 1254 862 1311 bigatorum
875 1253 964 1312 sep-

351 1316 557 1357 temdecim
628 1317 759 1357 millia
822 1317 966 1374 viginti

352 1377 490 1435 erim]
528 1379 734 1421 Denarios
779 1389 924 1433 17023
948 1408 964 1429 ,

349 1453 506 1483 marcas
537 1441 696 1496 argenti
723 1442 845 1495 paulo
872 1444 965 1497 plus

348 1502 461 1554 267.
490 1501 653 1544 Pondus
678 1504 962 1560 perexiguum.

350 1564 532 1607 Fortasse
553 1565 694 1621 aliquis
715 1579 831 1609 error
851 1566 906 1609 est
922 1566 964 1607 in

348 1626 548 1670 numeris.

411 1703 441 1742 7
465 1686 645 1745 Oscensis
665 1692 866 1747 argenti.]
885 1687 963 1733 Os-

342 1750 472 1792 'tense
532 1763 743 1808 argentum
802 1751 965 1794 videtui-

346 1812 463 1854 fuifl'e
492 1824 704 1870 argentum
738 1824 899 1855 erutum
938 1827 964 1856 e

347 1873 499 1915 fodinis
521 1903 533 1923 ,
563 1890 653 1930 quae
683 1875 789 1930 apud
816 1875 965 1918 Oscam

347 1935 492 1977 essent.
515 1936 624 1978 Osca
652 1947 740 1979 erat
764 1938 897 1979 valida
920 1938 964 1980 &

346 2000 548 2052 opulenta
590 1998 791 2054 Hispaniae
835 2001 930 2042 urbs
947 2028 961 2049 ‚

345 2073 439 2115 quae
464 2075 572 2102 nunc
597 2072 772 2103 vocatur
788 2060 962 2117 Huesca.

345 2121 614 2177 Argentarias
627 2123 783 2166 fodinas
795 2123 904 2165 fuisse
922 2125 963 2166 in

345 2183 541 2239 Hispania
560 2185 713 2228 constat
736 2201 787 2228 ex
811 2200 850 2228 c.
873 2198 925 2229 21
947 2215 960 2236 ,

346 2245 470 2288 infra.
491 2246 690 2289 Ceterum
715 2248 874 2305 argenti
901 2249 964 2289 vi-

347 2308 452 2365 ginti
471 2310 592 2350 millia
611 2312 750 2364 pondo
772 2311 966 2366 quadrin-

349 2382 473 2428 genta
492 2371 654 2427 triginta
672 2373 766 2414 osto
783 2372 964 2414 efficiunt

350 2444 505 2475 marcas
542 2434 742 2475 nostrates
777 2445 959 2488 31934,

350 2508 446 2536 cum
464 2497 592 2538 tribus
621 2497 765 2537 unciis.

397 2556 426 2599 8
444 2556 662 2598 Provincia*
673 2556 885 2613 succeffori
904 2556 962 2616 Q.

355 2617 540 2660 Minucio
559 2616 746 2673 traditi]
767 2620 848 2661 Hic
866 2620 905 2660 in
917 2634 963 2660 re

352 2679 462 2724 haud
491 2680 744 2749 saneNmagni
770 2681 966 2728 momenti

1027 1256 1190 1297 videtur
1209 1254 1400 1295 memoria
1415 1255 1545 1309 lapsus
1560 1254 1640 1297 effe

1027 1318 1187 1359 Livius.
1203 1317 1382 1359 Helvius
1400 1318 1505 1357 enim
1519 1332 1569 1359 ex
1581 1318 1641 1359 ul-

1027 1381 1184 1422 teriore
1221 1379 1430 1436 provincia
1465 1379 1640 1421 decede-

1028 1444 1097 1484 bat
1117 1456 1129 1484 :
1150 1442 1357 1483 Minucius
1377 1451 1511 1482 autem
1535 1442 1639 1483 cite-

1026 1505 1175 1546 riorem
1193 1503 1355 1545 sortitus
1373 1513 1459 1544 erat
1471 1531 1482 1551 ,
1503 1504 1640 1545 ausse-

1026 1582 1071 1608 re
1090 1567 1175 1620 ipso
1195 1566 1312 1607 Livio
1330 1592 1344 1613 ,
1366 1566 1395 1606 l.
1417 1565 1607 1607 XXXIII
1624 1592 1641 1617 ,

1027 1642 1066 1670 c.
1083 1628 1139 1669 26
1155 1657 1165 1675 ,
1180 1630 1221 1670 ἃ
1237 1629 1340 1668 infra
1355 1642 1393 1668 c.
1412 1639 1479 1680 17.
1495 1628 1639 1682 ltaque

1025 1690 1200 1731 Helvius
1245 1688 1509 1730 successorem
1555 1703 1640 1732 non

1025 1753 1165 1794 habuit
1192 1750 1437 1793 Minucium.

1087 1824 1116 1867 9
1133 1813 1303 1870 Argenti
1317 1813 1452 1870 pondo
1473 1809 1656 1870 trigIntae¹

1027 1888 1196 1931 quatuor
1215 1875 1345 1916 millia
1365 1876 1636 1932 offingenta]

1025 1938 1191 1980 Marcas
1213 1938 1406 1979 nostrates
1437 1949 1606 1990 54375.

1093 2012 1111 2043 1
1136 1999 1370 2057 Bigatorum
1383 1996 1638 2055 septuaginta

1026 2062 1111 2103 030
1176 2062 1321 2103 millia.
1351 2061 1366 2113 ]
1431 2062 1638 2103 Denarios

1025 2124 1177 2178 78000
1197 2152 1209 2173 ,
1234 2125 1274 2165 id
1293 2123 1348 2165 est
1368 2149 1380 2170 ,
1401 2137 1554 2164 marcas
1573 2138 1638 2165 ar-

1027 2187 1139 2244 genti
1161 2197 1178 2227 1
1190 2187 1390 2233 218,cum
1410 2185 1476 2225 sex
1493 2186 1637 2227 unciis.

1090 2262 1115 2290 2
1155 2246 1333 2304 Oscensis
1365 2248 1520 2304 argenti
1563 2249 1638 2288 du·

1027 2324 1142 2352 centa
1162 2309 1416 2366 septuaginta
1441 2309 1525 2350 σι’-ἕο
1545 2309 1638 2350 mil-

1026 2373 1101 2414 lia.
1121 2373 1139 2427 ]
1197 2372 1375 2413 Selibras
1438 2371 1638 2414 nostrates

1025 2446 1226 2486 434375.
1245 2435 1449 2476 Numerus
1478 2433 1546 2475 ille
1564 2434 1646 2474 ims

1026 2497 1152 2537 manis
1172 2496 1227 2536 est
1247 2525 1258 2543 ,
1280 2497 1322 2538 &
1342 2496 1410 2551 qui
1424 2494 1543 2536 fidem
1562 2509 1638 2537 ex-

1028 2559 1177 2598 cedere
1223 2558 1426 2599 videatur.
1457 2555 1635 2600 Fortasse

1026 2619 1092 2664 hic
1107 2620 1256 2677 aliquid
1273 2620 1329 2664 est
1344 2619 1497 2682 mendi.
