1680 3052
333 102 443 182 578
610 103 1325 163 T11-1L1v11

119 184 399 252 U-e.565.tur
420 221 434 244 ‚
455 186 503 250 fi
529 186 742 253 prospero
771 203 963 243 eventu,
988 204 1138 251 pravo
1174 189 1357 253 consilio
1395 207 1482 238 rem
1508 192 1608 258 ges-‘-

116 245 603 319 a·‘·1·187·serunt.sed
629 273 706 321 ego
735 256 785 303 in
819 274 875 303 ea
905 255 1124 314 civitate,
1144 273 1242 319 quae
1270 257 1373 305 ideo
1400 262 1607 310 omnibus

320 321 454 370 rebus
482 323 758 389 incipiendis
783 319 1073 388 gerendisque
1099 324 1208 371 deos
1249 325 1463 386 adhibet,
1491 331 1604 394 quia

317 404 352 456 9
381 389 562 439 nullius
595 392 834 440 calumniae
861 387 1053 455 subjicit
1086 409 1140 440 ea
1165 408 1259 455 quae
1290 393 1357 441 dii
1390 410 1602 461 compro-

315 458 540 508 baverunt
562 495 577 518 ‚
619 459 662 507 6³
700 459 749 506 in
779 457 1049 524 fhlennibus
1086 461 1238 509 verbis
1267 462 1434 523 habet,
1467 482 1600 528 quum

304 527 697 593 supplicationem
738 542 823 575 aut
854 528 1130 593 triumphum
1166 530 1364 579 decernit
1391 568 1407 592 ‚
1442 529 1603 595 Qubd

313 595 443 645 bene
486 612 542 643 ac
583 592 791 644 feliciter
830 595 1181 662 rempublicam
1221 596 1556 648 administrarit
1584 638 1601 661 ,

305 665 356 731 fi
377 664 544 712 nollem
565 699 581 723 ,
599 664 648 729 fi
663 682 804 731 grave
839 681 893 712 ac
919 665 1164 731 superbum
1196 667 1488 732 existimarem
1510 670 1605 717 vir-

314 747 408 780 tute
447 732 680 799 gloriari,
720 747 739 779 1
773 750 860 799 pro
894 732 1122 798 felicitate
1156 751 1256 782 mea
1294 735 1599 801 exercitusque

311 801 442 858 mei,
481 800 604 865 quod
646 814 823 849 tantam
867 802 1096 850 nationem
1126 803 1226 866 fine
1264 803 1365 850 ulla
1403 806 1596 852 militum

288 865 486 938 jablura
518 869 798 929 devicimus,
825 870 1095 935 postularem
1116 906 1133 928 ,
1165 885 1214 918 ut
1245 872 1337 918 diis
1366 871 1599 922 immorta-

234 936 286 949 “”’
311 937 435 984 libus
464 937 607 986 lzonos
632 938 869 986 haberetur
885 974 900 998 ,
921 939 965 986 δ’
997 937 1091 1004 ipfie
1118 938 1402 1004 triumphans
1425 941 1473 987 in
1506 940 1599 987 Ca-

304 1005 525 1072 pitolium
557 1006 867 1071 adscenderem
886 1042 903 1064 ,
928 1009 1046 1054 unde
1077 1007 1197 1055 votis
1229 1007 1312 1054 rite
1346 1025 1596 1073 nuncupa-

311 1073 374 1121 tis
406 1072 628 1141 profec‘lus
671 1073 774 1138 fiam
802 1092 825 1133 ;
864 1075 1090 1141 negaretis
1133 1075 1217 1123 lzoc
1249 1090 1277 1123 2
1305 1075 1416 1123 mihi
1447 1112 1464 1133 ,
1497 1093 1598 1128 cum

309 1143 404 1191 diis
443 1143 775 1191 immortalibus
808 1142 835 1189 ἓ
866 1144 1033 1208 Iniquo
1072 1143 1186 1190 enim
1222 1143 1324 1192 loco
1355 1144 1595 1197 dimicavi.

307 1212 413 1260 Dic
461 1211 601 1277 igitur
633 1248 652 1269 ,
705 1228 793 1276 quo
845 1214 1036 1276 aequiore
1084 1212 1311 1277 potuerim
1360 1212 1595 1267 dimicare,

309 1283 467 1345 Quum
504 1294 694 1328 montem
727 1279 865 1344 lzostes
899 1277 1106 1345 cepiffim
1136 1316 1151 1338 ,
1196 1278 1297 1328 loco
1328 1282 1499 1329 munito
1534 1280 1589 1346 se

306 1362 506 1398 tenerent
530 1384 547 1405 ‚
583 1365 737 1413 nempe
772 1349 963 1397 eundum
993 1349 1058 1395 ad
1080 1347 1219 1413 lzostes
1253 1362 1381 1408 erat,
1400 1349 1451 1413 si
1475 1349 1592 1398 vin-

307 1433 404 1464 cere
441 1415 621 1464 vellem.
656 1417 786 1482 Quid
811 1454 825 1475 ,
855 1418 902 1480 st
939 1416 1087 1464 urbem
1119 1434 1169 1464 eo
1206 1416 1307 1465 loco
1336 1417 1548 1465 lzaberent
1570 1453 1589 1479 ,

307 1484 354 1531 ὃ*
376 1484 591 1532 moenibus
610 1483 660 1546 se
679 1486 918 1537 tenerent?
935 1502 1089 1550 nempe
1116 1485 1414 1550 oppugnandi
1440 1500 1587 1536 erant.

305 1551 480 1618 Quid?
496 1553 561 1599 ad
596 1553 908 1618 Thermopilas
946 1569 1128 1617 aequone
1162 1554 1261 1601 loco
1286 1555 1423 1601 Man.
1459 1554 1587 1601 Aci-

302 1622 399 1673 liius
434 1637 534 1668 cum
563 1622 794 1669 Antiocho
825 1622 1052 1687 pugnavit
1070 1623 1095 1671 ,ἲ
1118 1621 1291 1686 Quid?
1314 1621 1585 1686 Philippum

301 1707 394 1737 non
419 1690 570 1737 eodem
604 1691 734 1738 modo
756 1689 897 1754 super
914 1691 1071 1738 Aoum
1092 1705 1269 1736 amnem
1289 1686 1408 1755 juga
1433 1704 1589 1738 tenen-

301 1772 389 1807 tem
421 1758 635 1806 montium
666 1760 718 1806 T.
749 1758 972 1824 Quintius
1003 1754 1209 1820 dejecit?
1229 1758 1455 1821 Equidem
1488 1758 1586 1805 ad-.-

300 1826 390 1877 lzuc
410 1862 424 1884 ‚
459 1826 641 1890 qualem
679 1840 761 1873 aut
781 1825 871 1889 fibi
896 1825 1079 1891 fingant
1107 1860 1122 1883 ,
1154 1839 1237 1872 aut
1266 1825 1397 1872 vobis
1435 1826 1583 1875 videri

298 1894 448 1949 velint
483 1894 641 1959 hostem
673 1891 813 1958 suff*
839 1929 853 1953 ,
894 1911 986 1941 non
1020 1893 1219 1940 invenio.
1244 1890 1298 1940 Si
1330 1894 1582 1959 degenerem

302 1962 349 2010 ἃ
371 1962 620 2010 emollitum
656 1962 914 2011 amoenitate
940 1962 1064 2026 Asiae
1094 1996 1112 2017 ,
1145 1962 1258 2025 quid
1281 1961 1477 2025 periculi
1507 1961 1585 2011 vel

298 2030 458 2095 iniquo
489 2029 590 2078 loco
609 2028 907 2094 subeuntibus
924 2028 1066 2093 fuit?
1089 2029 1136 2093 fi
1165 2029 1407 2076 timendum
1439 2029 1484 2077 6²
1504 2026 1582 2092 fe-

299 2099 437 2146 ritate
475 2099 729 2147 animorum
767 2135 784 2156 ,
819 2097 864 2145 δ’
909 2097 1063 2146 robore
1106 2113 1337 2162 corporum
1365 2134 1380 2157 ,
1418 2097 1581 2148 huicne

297 2179 438 2214 tantae
470 2167 666 2215 νὶἑῖονὶιε
700 2166 973 2231 triumphum
1009 2164 1220 2231 negatis?
1249 2166 1378 2214 Caeca
1397 2165 1580 2219 invidia

298 2235 356 2302 est
374 2272 391 2295 ,
417 2237 583 2285 Patres
608 2233 863 2301 Conscripti
879 2270 895 2295 ‚
920 2251 999 2292 nec
1028 2235 1278 2300 quidquam
1302 2234 1437 2286 aliud
1451 2233 1577 2299 scit,

362 2358 388 2398 9
407 2347 571 2387 Nullius
595 2347 794 2388 calumnia
812 2344 907 2400 sub·
968 2360 1055 2387 mus
1091 2346 1327 2401 particulam
1344 2345 1396 2399 fi.
1429 2347 1574 2400 Neque

285 2406 438 2463 jicit.]
477 2409 635 2451 Nullius
677 2408 827 2461 injustis
863 2409 906 2450 ὅ(
969 2409 1075 2449 enim
1110 2409 1227 2451 facile
1270 2409 1430 2450 videtur
1463 2407 1574 2462 polse

296 2470 500 2511 malitiofis
584 2471 905 2512 cavillationibus
969 2470 1160 2525 suppleri.

298 2531 431 2573 deteri
464 2532 566 2575 finit.
1034 2545 1060 2573 2
1089 2532 1196 2572 Mihi
1218 2560 1229 2580 ,
1258 2546 1341 2571 cum
1368 2529 1491 2583 diis.]
1531 2527 1575 2574 Si

367 2606 383 2634 1
422 2593 503 2635 Pro
531 2594 734 2648 felicitate
766 2594 902 2648 mem]
970 2593 1069 2635 nihil
1099 2593 1162 2635 hic
1198 2594 1285 2634 vitii
1321 2591 1405 2640 est,
1441 2591 1573 2638 sensus

298 2654 494 2701 Libenter
515 2657 558 2705 ὃ(
579 2656 644 2701 hic
673 2656 908 2721 ptaefigete-¹
969 2656 1077 2704 erin
1101 2656 1143 2705 δι
1174 2656 1301 2718 mihi?
1328 2654 1370 2702 ὅς
1402 2652 1495 2712 εὶὶξεφΙ
