1680 3052
357 154 478 226 ‘232
663 148 1368 209 T1-t-1L1v11

155 239 347 303 110557,
360 232 465 297 quit
488 268 503 292 ,
533 230 743 298 primum
768 232 1036 299 praedatum
1066 232 1149 282 sub
1181 232 1322 300 fignis
1346 232 1530 299 aliquot
1561 238 1651 282 ex2-

154 299 546 364 ¹a.(j.195.peditas
582 299 806 350 cohortes
842 303 891 347 in
932 316 1098 366 agrum
1131 316 1159 364 9
1196 302 1393 368 integrae
1433 301 1644 366 regionis

175 380 177 382 ·
357 366 489 415 ducit
527 384 537 415 :
575 367 750 416 deinde
804 367 967 416 audito
989 401 1004 427 ,›
1050 367 1291 434 Seguntiae
1337 366 1639 418 Celtiberum

352 452 528 484 omnes
574 434 774 483 sarcinas
828 435 1275 502 impedimentaque
1325 436 1486 484 relicta
1519 473 1533 495 ‚
1576 435 1639 484 eb

348 505 509 570 pergit
550 502 726 551 ducere
769 502 831 550 ad
868 503 1271 570 oppugnandum.
1313 501 1637 570 Posteaquam

350 572 482 619 nulla
512 584 775 620 moventur
810 586 861 619 re
882 607 897 630 ,
931 571 1178 636 persoluto
1221 570 1495 637 stipendio,
1534 588 1639 621 non

349 638 439 686 suis
481 638 670 698 modo,
703 636 785 687 sed
823 640 970 686 etiam
1010 640 1230 705 praetoris
1268 639 1528 700 militibus,
1555 655 1642 687 re-

350 705 561 771 lictoque*
595 707 732 755 omni
761 708 975 755 exercitu
997 708 1046 755 in
1069 705 1227 755 castris
1248 708 1480 773 praetoriis
1497 709 1517 767 ,'
1539 706 1639 772 ipse

351 790 462 821 curn
494 773 677 840 septem
701 774 979 823 cohortibus
1009 774 1069 823 ad
1089 773 1283 824 Iberum
1301 773 1368 824 est
1388 773 1640 841 regressus·

419 841 534 890 XX.
565 840 636 889 Ea
657 856 755 891 tam
776 843 946 910 exigua
966 859 1110 891 manu
1136 843 1318 909 oppida
1341 843 1526 909 aliquot
1549 859 1640 891 ce-

349 911 453 975 pit3
482 907 706 959 defecere
731 911 794 959 ad
811 927 922 960 eum
942 908 1204 969 Sedetani,
1227 909 1458 960 Ausetani
1476 909 1645 971 ,Sues-

349 977 518 1028 setani.
557 977 860 1040 Lacetanos,
891 979 1086 1029 deviam
1122 978 1173 1028 &
1201 977 1482 1045 sylvestrem
1515 995 1640 1045 gen-

350 1061 453 1094 tem
473 1084 489 1105 ,
523 1063 672 1112 quum
703 1046 840 1095 insita
873 1044 1035 1095 feritas
1062 1047 1346 1096 continebat
1379 1049 1427 1095 in
1463 1049 1635 1108 armis,

350 1129 456 1162 tum
482 1113 800 1175 conscientia,
832 1114 948 1163 dum
970 1114 1132 1164 consul
1154 1114 1482 1181 exercitusque
1512 1113 1644 1164 Tur-

348 1182 469 1231 dulo
509 1182 641 1231 bello
679 1181 747 1231 est
773 1197 1069 1249 occupatus,
1110 1183 1524 1249 depopulatorum
1565 1182 1643 1231 su-

350 1252 462 1299 bitis
502 1249 847 1300 incursionibus
870 1250 1127 1301 sociorum.
1152 1250 1299 1318 Igitur
1322 1251 1383 1300 ad
1401 1250 1641 1318 oppidum

353 1336 529 1368 eorum
557 1319 942 1387 oppugnandum
965 1318 1129 1369 consul
1152 1320 1283 1369 ducit
1299 1357 1314 1380 ‚
1335 1323 1436 1368 non
1455 1318 1645 1368 Roma·
1673 1334 1676 1336 ’

351 1405 437 1436 nas
466 1387 621 1437 modo
648 1389 874 1437 cohortes
892 1425 907 1448 ,
931 1387 1015 1437 sed
1034 1386 1343 1451 juventutem
1367 1390 1511 1437 etiam
1535 1384 1661 1437 mes

350 1457 444 1504 rito
462 1454 756 1504 infensorum
774 1458 827 1504 iis
848 1455 1106 1505 sociorum.
1126 1455 1385 1522 Oppidum
1405 1457 1604 1524 longum
1623 1493 1639 1516 ‚

352 1525 402 1571 in
426 1524 732 1573 latitudinem
749 1522 1123 1592 haudquaquam
1142 1523 1445 1574 tantumdem
1470 1539 1639 1590 patens

353 1592 596 1642 habebant
613 1609 628 1653 3
646 1593 1024 1659 quadringentos
1051 1592 1163 1641 inde
1184 1591 1336 1642 ferme
1354 1591 1506 1659 passus
1527 1610 1644 1641 con-

350 1658 495 1710 stituit
513 1660 658 1728 figna.
682 1659 754 1709 Ibi
777 1661 1070 1711 delectarum
1091 1661 1366 1711 cohortium
1382 1660 1639 1710 stationem

353 1730 632 1796 relinquens
655 1767 670 1789 ‚
695 1731 926 1796 praecepit
956 1733 1023 1780 eis
1046 1767 1061 1789 ‚
1084 1745 1145 1779 ne
1166 1728 1215 1778 se
1244 1746 1303 1778 ex
1328 1746 1389 1779 eo
1415 1730 1531 1779 loco
1555 1746 1644 1778 an-

352 1798 402 1846 te
441 1812 732 1859 moverent,
763 1798 911 1864 quam
951 1798 1048 1864 ipse
1077 1798 1137 1846 ad
1172 1814 1260 1847 eos
1291 1797 1523 1858 venisset3
1563 1814 1643 1846 ce-

353 1880 479 1915 teras
501 1869 667 1932 copias
692 1865 752 1914 ad
767 1867 1051 1915 ulteriorem
1075 1881 1263 1933 partem
1281 1867 1409 1914 urbis
1436 1868 1645 1915 circum-

354 1935 504 1983 ducit.
537 1934 808 1983 Maximum
830 1952 890 1984 ex
924 1936 1151 1984 omnibus
1172 1934 1359 1984 auxiliis
1383 1951 1640 1984 numerum

353 2001 640 2052 Sueffetanae
664 2001 929 2066 iuventutis
957 2003 1196 2062 habebat3
1233 2019 1319 2052 eos
1355 2002 1416 2057 ad
1452 2019 1641 2050 murum

355 2071 741 2139 oppugnandum
776 2071 927 2122 subire
954 2070 1106 2136 jubet.
1140 2071 1371 2137 Quorum
1405 2072 1485 2120 ubi
1509 2087 1638 2119 arma

355 2138 585 2206 signaque
605 2138 831 2190 Lacetani
855 2157 1164 2207 cognovere3
1188 2156 1432 2189 memores
1451 2177 1467 2199 ‚
1495 2138 1641 2205 quam

353 2207 479 2273 saepe
498 2210 546 2256 in
566 2226 680 2276 agro
713 2225 887 2258 eorum
909 2210 1106 2276 impune
1128 2206 1455 2274 persultass'ent
1477 2244 1492 2266 ‚
1520 2225 1643 2273 quo·

353 2278 443 2325 ties
473 2275 601 2343 ipsos
628 2275 767 2343 signis
799 2277 984 2326 collatis
1020 2275 1242 2326 fudissent
1273 2273 1640 2342 fugaffentque‚

352 2343 592 2411 patefacta
627 2348 830 2411 repente
865 2345 1008 2411 porta
1027 2383 1043 2406 ‚
1070 2342 1277 2394 univerfi
1297 2345 1344 2392 in
1364 2360 1450 2392 eos
1476 2359 1640 2392 erum-

356 2428 495 2478 punt.
525 2412 623 2461 Vix
642 2413 906 2463 clamorem
929 2431 1100 2464 eorum
1117 2451 1132 2473 ‚
1169 2412 1349 2462 nedum
1374 2413 1642 2476 impetum.,'

356 2479 621 2531 Suessetani
648 2482 800 2533 tulere
824 2501 838 2542 3
871 2483 1005 2549 quod
1043 2480 1354 2549 posteaquam
1373 2517 1389 2542 ,
1419 2479 1534 2531 ficut
1563 2478 1641 2542 fus

417 2645 446 2686 9
497 2633 713 2693 Integra-⁴!
765 2636 927 2677 Intaetae
951 2664 964 2685 ‚
1032 2636 1186 2683 &belli
1202 2636 1304 2680 mala
1319 2630 1508 2679 sensisset.

350 2709 445 2752 quae
477 2698 655 2741 nondum
692 2699 967 2756 populationis
