1680 3052
320 133 400 185 '12‘
589 126 647 187 T
688 133 716 186 1'
756 143 798 188 Τ
842 148 864 188 1
948 133 994 191 L
1040 149 1063 189 1
1106 148 1152 191 v
1194 151 1220 191 1·
1262 152 1287 191 1

115 208 493 273 U.c.552.obseffis
533 211 759 278 fidemque
791 214 980 279 nostram
1020 215 1369 281 implorantibus
1411 214 1608 285 impigrss

114 273 566 342 210C.200.tulffmus
596 283 722 345 opem
743 298 769 334 4
787 317 806 338 ,
829 283 949 346 ficut
977 299 1130 344 patres
1150 286 1282 350 nostri
1302 288 1598 335 Mamertinis

319 346 518 395 tulerant
541 384 557 407 ‚
597 362 741 396 totum
775 349 823 396 in
868 349 1147 415 Hispaniam
1187 353 1389 416 aversuri
1430 354 1597 402 bellum

306 411 566 479 fuerimus,
603 418 728 479 quod
757 419 1005 465 cunelando
1033 435 1132 465 cum
1152 418 1330 482 summa
1355 420 1487 467 clade
1516 440 1598 470 no-

301 481 401 547 stra
433 486 481 531 in
506 484 695 532 Italiam
725 485 1119 550 accepimus?Ne
1154 487 1278 533 illud
1307 488 1485 552 quidem
1516 491 1600 537 du-

313 550 435 598 bium
477 554 565 617 est,
601 552 713 614 quin
746 553 863 599 hunc
895 551 1041 617 ipsum
1069 553 1339 619 Philippum
1365 592 1384 613 ‚
1411 559 1595 621 pablum

305 614 409 684 jam
435 637 518 681 per
545 621 718 685 legatos
751 620 1009 686 litterasque
1034 637 1134 668 cum
1164 623 1402 670 Annibale
1429 625 1478 672 in
1500 626 1599 672 Ita-

313 687 428 735 liam
454 685 660 753 trajicere
677 724 691 747 ‚
712 686 834 750 miffit
856 706 953 736 cum
976 687 1316 751 claffe3Laevino
1334 728 1351 748 ‚
1374 692 1452 755 qui
1475 693 1596 742 ultro
1626 704 1629 706 '

312 755 356 802 ei
384 755 547 803 bellum
580 752 763 817 inferret
784 792 805 813 ,
833 758 881 804 in
910 758 1195 805 Macedonia
1229 761 1603 810 continuerimus..

312 825 382 871 Et
411 825 533 888 quod
563 838 671 871 tunc
696 822 891 888 fecimus
912 861 928 884 ‚
956 842 1091 889 quum
1123 826 1280 891 hostem
1316 828 1596 876 Annibalem

311 891 362 939 in
394 891 537 947 ltalia
570 892 832 939 haberemus
852 929 866 952 ‚
891 893 943 940 id
967 911 1087 940 nunc
1108 929 1122 952 ‚
1149 893 1283 958 pulfi)
1308 894 1454 943 Italici
1479 902 1594 944 An-

313 959 468 1007 nibale
501 997 515 1017 ,
554 961 741 1008 deviblis
792 961 1234 1027 Carthaginienstbus
1274 999 1289 1022 ,
1337 967 1598 1012 cuneiamur
1656 959 1660 963 ⁸

302 1026 462 1091 facere
493 1029 520 1076 ,Ρ
553 1028 801 1076 Patiamur
833 1030 1148 1094 expugnandis
1188 1030 1388 1079 Athenis
1421 1067 1440 1089 ,
1471 1033 1603 1095 ficut·

313 1097 523 1161 Sagunto
542 1097 847 1162 expugnando
874 1097 1149 1145 Annibalem
1167 1099 1286 1163 paffi
1306 1100 1466 1163 sumus
1490 1100 1596 1164 ‚se-

305 1166 493 1230 gnitiem
531 1166 719 1229 nostram
752 1165 949 1229 experiri
983 1183 1266 1230 regemtnon
1302 1168 1457 1231 quinto
1487 1169 1595 1216 inde

306 1231 450 1295 menst:
472 1269 485 1288 ,
510 1234 881 1297 quemadmodum
913 1232 971 1279 ab
999 1236 1206 1299 Sagunto
1233 1235 1483 1294 Annibal,
1507 1235 1597 1301 sed

305 1301 464 1364 quinto
489 1300 592 1364 inde
619 1302 692 1348 die
723 1302 856 1365 quam
884 1302 940 1347 ab
964 1301 1177 1349 Corintho
1197 1303 1389 1365 stalverit
1414 1322 1595 1363 naves,

305 1369 356 1415 in
396 1368 585 1416 Italiam
630 1371 879 1434 perveniet.
921 1370 994 1416 Ne
1037 1371 1322 1434 aequaveritis
1362 1372 1595 1420 Annibali

304 1437 577 1502 Philippum
610 1472 625 1496 ‚
665 1455 720 1485 ne
765 1436 1208 1502 Carthaginienfibus
1247 1441 1538 1488 Macedonas
1567 1458 1592 1499 5

311 1519 330 1560 5
357 1505 538 1570 Pyrrho
568 1505 682 1553 certe
716 1505 959 1570 aequabitis
976 1523 991 1553 .·
1015 1507 1117 1553 dico
1139 1541 1155 1566 ,
1177 1505 1393 1570 quantum
1422 1508 1499 1556 vel
1519 1509 1595 1556 vir

304 1572 407 1621 viro
443 1611 461 1631 ,
508 1574 587 1622 vel
620 1592 730 1639 gens
774 1575 896 1639 genti
921 1575 1115 1638 praeflat.
1156 1575 1361 1622 Minima
1408 1577 1591 1639 acceffio

295 1637 475 1707 semper
504 1641 681 1707 Epirus
726 1660 857 1708 regno
889 1640 1180 1689 Macedonica
1208 1640 1345 1706 fuit,
1384 1643 1426 1691 δ’
1458 1645 1603 1693 hodie·

305 1711 376 1771 est.
427 1710 789 1775 Peloponnesum
839 1723 978 1758 totam
1027 1711 1074 1757 in
1124 1711 1295 1758 ditione
1339 1711 1592 1777 Philippus

303 1777 470 1838 habet,
498 1777 728 1844 Argosque
757 1778 878 1842 ipsos
904 1813 917 1835 ‚
946 1795 1035 1825 non
1067 1792 1212 1826 vetere
1234 1776 1373 1842 famei
1404 1782 1549 1846 magis
1570 1818 1590 1840 ,

301 1846 439 1912 quam
481 1862 619 1894 morte
656 1847 830 1912 Pyrrhi
872 1846 1159 1894 nobilitatos.
1196 1851 1223 1893 6
1260 1849 1428 1914 Nostra
1466 1866 1589 1899 nunc

360 2005 388 2044 4
408 1992 672 2049 Sicut-patres
687 1991 807 2042 nostri
818 1991 911 2032 Ma·
973 1990 1123 2046 lippum
1135 1990 1291 2047 Pyrrho
1304 1993 1586 2048 aequare.Mox

294 2056 471 2096 mertinis
506 2056 694 2095 tulerant.
713 2054 730 2107 ]
750 2054 910 2094 Advet-
973 2053 1054 2093 sese
1075 2053 1155 2107 ipse
1173 2055 1434 2108 reprehendit
1447 2084 1458 2103 ,
1476 2057 1585 2110 quod

295 2116 362 2160 δὺς
397 2117 544 2159 Poenos
574 2131 585 2159 :
619 2117 724 2156 unde
753 2115 908 2156 initium
972 2114 1198 2169 Philippum
1227 2127 1362 2170 aequet
1394 2116 1549 2172 Pyrrho
1573 2145 1585 2168 ,

294 2179 413 2235 primi
445 2179 582 2220 Punici
610 2179 721 2219 belli.
970 2192 1050 2231 quo
1069 2176 1189 2232 longe
1205 2178 1385 2231 superior
1396 2178 1464 2220 est.
1481 2180 1586 2235 Pyr-

363 2240 552 2296 5Pyrrho
570 2238 671 2280 certe
687 2238 904 2293 aequabicis:
970 2239 1038 2280 rho
1066 2239 1154 2279 dico
1185 2253 1273 2280 eum
1300 2251 1492 2292 aequatum
1521 2243 1585 2284 irs.

293 2303 385 2344 dico
403 2332 415 2348 ,
437 2301 654 2357 quantum-J
678 2301 786 2356 Lege
806 2299 904 2355 Pyr·
970 2301 1058 2341 Imo
1087 2299 1187 2341 verb
1222 2301 1403 2355 quantum
1431 2304 1586 2345 vel'vit·

295 2366 365 2408 rho
382 2365 468 2405 dico
485 2395 497 2416 ‚
514 2364 666 2404 mutat&
698 2364 904 2416 interpun-
968 2362 1055 2403 viro
1070 2392 1079 2410 ,
1097 2363 1135 2403 id
1157 2362 1210 2404 est
1225 2391 1235 2410 ,
1252 2362 1410 2418 Pyrrho
1429 2363 1582 2420 Philip.-
1655 2403 1658 2408 .

292 2427 427 2469 ¹{lione
453 2426 605 2481 vulgari
624 2425 662 2465 in
691 2425 798 2465 hunc
820 2439 903 2466 mo·
968 2439 1074 2479 pus3
1095 2426 1161 2466 vel
1179 2440 1270 2480 gens
1284 2426 1419 2480 genti,
1437 2426 1476 2466 id
1498 2427 1579 2476 est,

292 2490 386 2530 dum
405 2487 576 2543 :Pyrrho
592 2488 705 2532 dico,
721 2486 904 2541 quantum
967 2487 1239 2528 Macedonica
1271 2501 1370 2541 gens
1398 2486 1580 2541 Epirotis

255 2547 260 2553 ’
289 2551 357 2593 νεὶ
382 2550 445 2591 vit
458 2549 571 2595 viro,
594 2548 659 2589 uel
680 2563 772 2604 gens
795 2548 904 2604 genti
967 2563 1024 2589 cae
1039 2548 1224 2604 praestat!
1239 2547 1466 2603 Utrumque
1486 2565 1589 2604 1³:02

285 2611 471 2667 praestat!
488 2611 657 2654 Dixerat
671 2608 795 2665 prim&
810 2612 901 2652 illos
964 2612 1031 2652 bat
1051 2611 1090 2650 in
1120 2611 1166 2651 iis
1194 2625 1284 2664 quae
1311 2610 1544 2664 sequuntur.

292 2674 406 2719 «εει-τὲ
430 2688 514 2722 non
539 2672 789 2719 dubitaturos
809 2671 899 2716 Phi·
1024 2672 1052 2720 6
1066 2672 1215 2737 Νοχζπα
1233 2687 1333 2716 nunc
1349 2673 1581 2732 compara}
