1680 3052
294 114 403 177 108
571 115 843 180 T1·1·1
937 123 1283 182 L1vt1'

68 199 407 264 >U.e.554.votis
431 203 675 267 petendum
697 220 796 253 erat
825 204 944 253 ultro
971 203 1154 271 offbrtur
1172 244 1189 265 ,
1205 204 1433 273 fizstidire.
1454 204 1578 259 Novi
1612 196 1617 199 ⁵

58 264 268 322 -a.C.198.
282 272 654 334 quemadmodum
694 273 828 321 hodie
873 288 1106 338 utrumque
1158 277 1289 325 vobis
1330 276 1471 337 licet,
1495 279 1571 341 fic

272 337 451 405 [ἔγημεν
492 340 726 388 liciturum
761 340 818 406 est
850 357 866 388 .·
895 358 975 389 nec
997 342 1150 408 faepe,
1186 360 1268 391 nec
1303 345 1383 392 diu
1413 347 1571 393 eadem
1642 354 1645 355 ’

283 408 460 472 occasio
493 409 593 457 erit.
619 409 832 456 Liberare
856 426 940 456 vos
963 426 994 456 a
1018 411 1242 477 Philippo
1260 407 1448 475 jamdiu
1467 430 1572 460 ma-

279 475 353 543 gis
379 476 558 535 vultis,
596 477 731 540 qua'm
764 477 962 524 audetis.
1007 479 1118 527 Sine
1155 480 1292 544 vestro
1331 480 1486 529 labore
1521 481 1568 530 6⁵

276 544 488 612 periculo
516 544 594 609 qui
618 562 713 593 -vos
739 543 789 592 in
824 544 1075 592 libertatem
1106 547 1395 596 vindicarent
1414 585 1429 609 ,
1467 565 1569 597 cum

281 614 462 679 magnis
501 611 708 676 claffibus
737 612 1094 679 exercitibusque
1124 632 1243 664 mare
1278 614 1572 680 trajecerunt.

280 681 388 730 Hos
401 682 450 745 fi
456 678 611 744 socios
640 680 975 747 aspernamini,
997 683 1082 728 vix
1091 681 1222 746 sanae
1248 687 1408 732 mentis
1432 686 1575 751 estis-:-

272 748 362 813 fid
387 763 470 797 aut
494 748 673 810 [bc-ios,
699 764 782 798 aut
806 750 946 817 hostes
974 750 1180 799 habeatis
1209 768 1396 816 oportet.

72 814 270 886 ''Diffen-
352 813 523 866 XXIL
551 815 830 867 Secundum
867 819 1140 869 orationem
1181 822 1400 884 praetoris
1434 837 1570 870 mur-

69 881 133 936 fi⁰
168 884 390 935 intermur
427 900 590 935 ortum
620 886 824 935 aliorum
866 903 978 935 cum
1005 885 1213 948 assensu,
1247 888 1452 937 aliorum
1487 889 1570 937 in-

69 943 258 990 ‘Achae‘ss-
283 953 552 1005 clementer
596 951 901 1004 assentientes
941 956 1295 1021 increpantium
1331 974 1341 1003 τ
1382 957 1434 1005 &
1467 954 1576 1021 jam>

280 1041 386 1073 non
418 1022 587 1090 singuli
625 1025 841 1084 tantinn,
873 1022 954 1072 sed
993 1024 1161 1089 populi
1201 1024 1407 1073 universi
1441 1026 1580 1075 inter‘

279 1090 328 1141 se
365 1090 716 1141 altercabantur
748 1108 759 1141 :
789 1106 895 1141 tum
925 1093 1051 1140 inter
1089 1091 1387 1159 magistratus
1411 1095 1583 1159 gentis-

277 1158 620 1228 (Demiurgos
639 1173 819 1209 vocant
840 1177 851 1208 :
880 1159 1051 1209 decem
1073 1177 1278 1210 numero
1303 1160 1583 1229 creantur)

276 1244 529 1278 certarnen
565 1228 718 1279 nihilo
751 1227 942 1296 segnius
965 1266 981 1288 ‚
1015 1228 1162 1294 quam
1200 1230 1322 1279 inter
1349 1229 1570 1278 multitu-

273 1297 471 1359 dinem,
501 1295 594 1348 effe
629 1315 640 1346 :
672 1298 883 1364 quinque
913 1297 1147 1346 relaturos
1177 1296 1222 1347 se
1256 1298 1316 1348 de
1340 1297 1580 1349 societater

278 1363 508 1415 Romana
550 1366 782 1427 aiebant,
824 1383 857 1428 4
904 1363 1276 1433 suffragiumque
1320 1365 1565 1417 daturost

279 1436 497 1501 quinque
546 1434 656 1502 lege
699 1450 893 1484 cautum
929 1433 1222 1483 testabantur
1247 1472 1263 1496 ‚
1309 1452 1373 1483 ne
1412 1434 1570 1501 quid,

280 1503 418 1569 quod
459 1502 692 1552 adversus
732 1502 944 1570 Philippi
977 1502 1258 1552 societatem
1301 1501 1451 1563 esset,
1487 1517 1568 1552 aut

272 1571 457 1622 referre
497 1570 844 1638 magistratibus
868 1610 884 1633 ‚
921 1585 1002 1619 aut
1048 1571 1313 1621 decernere
1356 1572 1568 1623 concilio

275 1637 350 1706 jus
383 1639 515 1690 esset.
556 1639 652 1688 Hic
684 1657 881 1708 quoque
914 1639 1016 1688 dies
1052 1637 1222 1708 jurgiis>
1248 1638 1315 1689 est
1341 1638 1569 1688 consum-

273 1723 406 1775 ptus.
441 1708 701 1774 Supererat
731 1727 852 1758 unus
892 1706 998 1772 justi
1034 1709 1226 1758 concilii
1260 1708 1363 1758 dies
1391 1711 1570 1759 :tertio

273 1779 407 1826 enim
433 1778 509 1827 lex
540 1775 737 1842 jubebat
764 1777 1013 1828 decretum
1036 1774 1142 1826 fieri
1164 1794 1174 1824 :
1196 1778 1243 1824 in
1266 1794 1411 1843 quem
1434 1777 1565 1828 adeo

273 1846 491 1896 exarsere
529 1845 679 1895 studia
701 1884 714 1905 ‚
750 1862 801 1895 ut
819 1848 901 1896 vix
926 1860 1150 1910 parentes
1170 1846 1230 1894 ab
1249 1844 1412 1895 liberis
1432 1861 1568 1894 tem-
1593 1854 1596 1856 ’

311 1916 567 1966 eraverint.
610 1913 846 1964 Rhifiasus
886 1913 1178 1963 Pellenensis
1222 1930 1369 1963 erat:
1407 1912 1569 1965 filium

272 1931 638 2059 Bemiurgum,
680 1985 882 2032 nomine
923 1982 1284 2042 Memnonem,
1322 1982 1566 2045 habebat,

270 2054 419 2119 partis
456 2069 560 2117 ejus
594 2069 700 2118 quae
738 2053 988 2102 decretum
1036 2053 1254 2111 recitari,
1281 2053 1565 2168 perrogari-

269 2137 366 2185 que
410 2120 668 2170 sententias
714 2119 1022 2186 prohibebat.
1074 2119 1119 2168 Is
1174 2121 1254 2168 diu
1300 2119 1414 2168 obre
1460 2136 1566 2170 atus

268 2186 422 2238 filium
448 2225 463 2248 ‚
506 2204 559 2238 ut
595 2188 846 2238 consulere
885 2186 1098 2237 Achaeos
1134 2192 1384 2238 communi
1427 2188 1564 2239 saluti

270 2271 549 2323 pateretur,
575 2275 669 2307 neu
700 2257 963 2324 pertinacia
1003 2255 1083 2304 sua
1117 2273 1315 2324 gentem
1356 2257 1565 2306 univer-

269 2324 370 2374 sam
406 2325 648 2392 perditum
677 2327 804 2385 iret,
840 2325 1157 2391 posteaquam
1194 2343 1364 2390 parum
1400 2323 1561 2390 profi-

267 2394 464 2444 ciebant
494 2410 663 2460 preces
685 2430 703 2453 ,
743 2392 922 2458 juratus
947 2392 994 2442 se
1027 2410 1137 2443 eum
1181 2393 1262 2442 sua
1301 2410 1446 2442 manu
1485 2396 1560 2443 in-

266 2476 623 2531 terempturum
642 2499 656 2524 ,
690 2478 781 2512 nec
810 2480 900 2529 pro
920 2460 1022 2511 filio
1041 2499 1056 2524 ‚
1090 2461 1176 2511 sed*
1207 2479 1297 2528 pro
1327 2460 1462 2512 hoste
1479 2463 1562 2512 ha-

331 2627 361 2668 4
408 2615 720 2672 Suffiagiumque
768 2616 885 2655 datu·
948 2614 1107 2658 ferendi
1131 2614 1248 2672 super
1271 2629 1323 2661 ea*
1347 2629 1392 2659 re
1422 2612 1563 2660 suffia*-

274 2679 384 2732 νη]
405 2680 456 2721 Et
470 2681 636 2734 daturos
651 2678 883 2723 facultatem
947 2677 1018 2734 gii.
