1680 3052
226 111 272 169 L
315 125 415 166 1713
462 125 498 166 E
542 126 580 167 R
682 108 1037 167 XXXIV.
1173 114 1277 190 263

29 191 204 244 urbanas
234 194 294 241 eb
325 191 544 258 legiones
574 188 777 238 scribere
808 206 818 236 :
844 206 892 238 ut
915 189 1107 239 dizniffis
1126 230 1140 252 ,
1161 212 1283 258 quos
1307 203 1494 259 U.c.558.

29 264 190 313 'enatus
239 257 514 318 censuiffet‚
563 257 879 318 exercitibus,
921 258 1033 307 οξὶο
1082 263 1283 311 omnino
1306 263 1494 314 ‘QG-194·

27 327 243 378 Romanae
274 327 493 392 legiones
526 323 692 373 essent.

74 394 252 444 XLIV.
279 394 380 442 Ver
403 394 581 441 sacrum
617 391 792 440 fa-‘S'rum
817 406 917 441 erat
942 394 1102 458 priore
1129 411 1283 454 anno,
1336 405 1496 462 Versa.

27 461 84 512 Vi.
118 462 289 511 Porcio
307 499 321 521 ‚
354 460 405 509 ὃ(
431 461 486 509 L.
505 459 707 508 Valerio
730 460 1001 509 consulibus
1024 478 1036 518 3
1070 461 1116 508 id
1136 479 1284 527 quum
1302 485 1422 511 crum.

26 530 65 579 .).
91 529 294 578 Licinius
319 527 538 594 pontifex
561 545 661 576 non
685 527 778 578 esse
806 529 931 576 reete
954 527 1126 576 fabium
1145 566 1158 587 ,
1182 530 1286 577 col-

25 600 141 665 egio
179 600 383 662 primiim
407 633 420 655 ,
471 596 648 646 deinde
686 613 746 645 ex
781 595 1059 645 au&oritate
1094 596 1286 664 collegii

24 664 226 714 Patribus
272 662 583 713 renunciasset
617 701 633 723 ,
685 664 745 713 de
785 665 974 731 integro
1010 663 1285 714 faciendum

24 732 236 782 arbitratu
281 730 566 798 pontificum
604 731 886 781 censuerunt
919 749 935 791 3
982 747 1011 797 9
1050 731 1286 798 ludosque

23 799 222 868 Magnos
246 837 259 858 ‚
294 801 375 866 qui
407 800 501 848 una
528 801 634 848 voti
672 799 821 849 essent
840 838 853 861 ‚
881 802 1013 848 tanta
1044 801 1249 864 pecunia
1270 838 1286 862 ,

23 868 189 936 quanta
221 865 471 928 assoleret‚
504 866 767 917 faciendos.
805 884 825 914 1
865 867 971 916 Ver
1003 867 1186 916 sacrum
1216 871 1291 918 vi-

21 938 117 986 deri
136 952 283 1003 pecus
304 974 318 996 ‚
358 935 491 1002 quod
526 949 690 984 natum
726 933 840 985 esset
859 936 983 985 inter
1014 935 1124 984 Kal.
1146 935 1290 985 Mar-

21 1006 133 1064 tias,
174 1005 227 1054 &
261 1004 413 1069 pridie
452 1003 695 1052 Kalendas
735 1003 890 1052 Maias
914 1041 928 1063 ‚
961 1002 1011 1051 P.
1049 1002 1288 1054 Cornelio

20 1071 238 1138 Scipione
260 1109 273 1132 ‚
298 1071 350 1121 &
371 1070 451 1120 Ti.
481 1071 773 1137 Sempronio
797 1072 971 1138 Longo
1003 1071 1292 1123 consulibus.

19 1137 285 1190 Censorum
318 1140 431 1189 inde
461 1140 655 1189 comitia
676 1140 836 1189 habita
855 1140 991 1199 sunt3
1014 1143 1159 1190 creati
1175 1159 1292 1191 cen·
1316 1157 1503 1216 Censores

18 1206 285 1258 sores“Sex.
317 1208 469 1257 AElius
500 1207 680 1269 Paetus,
722 1209 775 1257 &
816 1206 877 1256 C.
908 1206 1166 1258 Cornelius
1193 1208 1292 1260 Cer

17 1276 183 1343 thegus
203 1314 217 1338 ,
256 1276 524 1341 principem
554 1274 739 1325 senatfis
775 1274 829 1325 P.
860 1274 1144 1341 Scipionem
1172 1296 1293 1328 con-

17 1343 163 1394 sulem
185 1381 201 1402 ‚
237 1360 380 1410 quern
405 1344 454 1392 ὃ(
474 1344 657 1410 priores
695 1343 916 1396 censores
944 1345 1190 1411 legerant,
1216 1347 1294 1401 leq

17 1426 226 1479 gerunt3
264 1426 359 1460 tres
390 1414 592 1461 omnino
629 1412 905 1472 senatores,
946 1415 1191 1462 neminem
1212 1431 1297 1469 cu-

13 1479 103 1534 ruli
125 1480 313 1529 honore
348 1478 482 1528 usum
503 1517 520 1539 ,
555 1483 902 1547 praeterierunt.
925 1478 1148 1530 Gratiam
1171 1500 1295 1548 quo-

18 1564 115 1622 que
144 1549 389 1614 ingentem
413 1548 541 1613 apud
578 1566 689 1599 eum
721 1550 944 1600 ordinem
970 1565 1295 1614 pepererunt,

18 1615 150 1682 quod
186 1615 307 1664 ludis
336 1614 598 1678 Romanis,
622 1618 836 1667 aedilibus
865 1618 1103 1666 curulibus
1129 1620 1293 1685 irnpe-

15 1696 177 1733 rarunt
197 1721 212 1745 ,
243 1699 297 1732 ut
324 1683 433 1733 loca
468 1683 703 1736 senatoria
734 1685 1038 1736 secernerent
1069 1704 1094 1735 a
1124 1704 1293 1754 popu·
1311 1667 1422 1711 Loca
1437 1669 1508 1727 se·

1312 1746 1473 1774 natorla

18 1791 180 1835 stodiam
194 1792 301 1834 urbis
315 1791 625 1832 destinabantur.
689 1790 798 1843 cus.]
820 1789 949 1831 Pecus
965 1818 976 1838 ,
996 1791 1104 1845 quod
1123 1804 1173 1832 ex
1187 1792 1294 1832 veris
1312 1792 1351 1835 in
1384 1795 1507 1843 ludis.

19 1853 72 1904 Et
88 1855 156 1894 has
176 1853 332 1907 quidem
351 1881 362 1902 ,
380 1868 466 1908 quae
487 1855 534 1893 ab
555 1853 626 1892 hu·
690 1851 787 1892 sacri
817 1863 916 1892 voto
947 1852 1143 1893 immolari
1173 1867 1300 1909 opor-

18 1913 82 1970 jus
100 1916 192 1955 anni
211 1915 435 1955 consulibus
454 1915 626 1954 scribun-
690 1923 798 1953 teret
817 1942 828 1961 ,
851 1914 948 1954 illud
969 1913 1045 1954 ess'e
1064 1943 1074 1962 ‚
1096 1916 1204 1968 quod
1226 1930 1303 1957 na-

20 1986 86 2017 tur
108 2003 119 2024 ,
146 1977 284 2017 Romae
313 1976 481 2019 mansisse
512 1985 628 2031 patet
690 1985 776 2015 tum
801 1976 910 2016 foret
934 1977 1039 2016 inter
1074 1975 1302 2018 Ka1.Mar-

23 2051 75 2079 ex
95 2051 132 2078 e.
165 2037 215 2087 56
237 2066 247 2084 ‚
272 2038 386 2078 infra.
693 2037 767 2077 tias
788 2065 799 2084 ‚
823 2037 863 2078 ὅ(
886 2038 1012 2091 pridie
1032 2034 1125 2078 Kal.
1150 2038 1304 2082 Maias.

87 2110 111 2150 9
132 2097 330 2153 Ludosque
347 2099 519 2154 Magnos
535 2127 545 2146 ,
565 2097 632 2152 qui
697 2097 836 2140 Viden·
867 2098 934 2139 hic
967 2099 1110 2138 difflum
1144 2100 1199 2140 est
1225 2115 1303 2154 pro

25 2160 101 2202 unci
123 2161 207 2200 νοιὶ
237 2160 400 2214 effent.]
426 2161 526 2200 Ludi
543 2161 631 2201 Ma·
694 2173 807 2200 more
829 2158 947 2201 solito
972 2160 1302 2203 Romanorum&

25 2222 108 2278 gni,
128 2223 193 2276 qui
210 2225 287 2262 una
306 2236 394 2262 cum
410 2235 509 2262 vere
522 2221 632 2262 sacro
697 2221 889 2262 consueta
924 2221 1127 2276 judicandi
1159 2223 1305 2265 decer-

25 2284 113 2327 voti
130 2294 243 2324 erant
260 2315 272 2335 ,
292 2282 525 2337 jampridem
542 2283 632 2324 fasti
694 2283 896 2338 nendique
915 2284 1100 2324 formula.
1120 2285 1180 2325 Ita
1199 2285 1304 2329 enim

27 2354 173 2392 erant,
204 2355 249 2386 ut
283 2346 435 2386 constat
468 2359 518 2386 ex
560 2344 634 2385 lib.
697 2345 803 2385 cauti
821 2356 935 2387 erant
952 2345 1239 2400 injudicando,
1254 2356 1300 2388 ut

27 2405 225 2454 XXVII,
246 2421 283 2447 c.
313 2418 384 2459 33.
403 2408 546 2461 Itaque
566 2415 635 2446 aut
696 2420 896 2461 nunquam
913 2422 997 2447 rem
1012 2407 1066 2447 ita
1083 2408 1120 2448 se
1137 2409 1302 2455 habere,

27 2466 184 2508 Livium
204 2466 268 2507 hic
294 2469 486 2510 memoria
513 2467 634 2507 fefel-
697 2467 765 2507 sed
806 2468 933 2508 videri
977 2469 1303 2522 pronuntiarent,

32 2529 76 2568 lit
100 2560 112 2578 ,
143 2540 210 2568 aut
243 2530 391 2583 aliquid
418 2545 439 2569 a
470 2528 636 2576 librariis
701 2527 794 2585 Qua
813 2530 861 2571 de
881 2544 925 2571 re
942 2530 1024 2570 vid.
1048 2528 1137 2570 Cic.
1159 2531 1185 2569 1.
1208 2530 1267 2573 IV
1288 2556 1302 2578 2

35 2599 246 2645 peccatum
278 2590 347 2632 est.
700 2591 830 2633 Acad.
896 2590 1171 2646 Quaestionum
1203 2618 1216 2648 2
1261 2604 1314 2640 n.

98 2661 118 2705 ξ
143 2648 226 2694 Ver
246 2648 402 2708 sacrum
418 2651 542 2702 videri
563 2667 640 2711 peg-
707 2651 810 2711 146,
