1680 3052
236 92 284 153 L
325 109 351 151 1
398 107 433 149 Β
481 106 516 148 E
561 106 603 147 R
685 88 1058 148 XXXIII.
1194 107 1311 168 153·

33 174 165 228 mille
199 174 528 226 Macedonum
559 170 620 219 eo
642 169 861 230 miserat,
899 170 952 218 ὅ(
973 171 1104 218 mille
1125 187 1177 218 ac
1209 172 1305 221 du·
1321 182 1513 235 U.c.555.

35 260 201 294 centos
242 243 439 309 Illyrios
475 237 818 303 Thracasque,
865 238 918 286 ὃς
952 235 1241 298 Cretenses,
1276 240 1513 304 qam-1972

37 314 117 377 qui
152 314 200 361 in
233 327 432 375 utraque
470 323 602 374 parte
640 307 940 365 militabant,
986 304 1308 372 ostingentos.

36 378 126 428 His
160 379 307 428 additi
343 378 532 434 Boeoti,
567 373 904 441 Thessalique,
943 373 994 422 ὃ(
1032 373 1312 423 Acarnanes

39 447 205 505 mille,
245 446 407 495 scutati
455 461 660 503 omnes,
697 444 747 492 ὃ(
779 461 838 491 ex
879 441 1087 507 ipsorum
1125 440 1315 490 Corin-

35 515 245 562 thiorum
265 513 514 576 juventute
534 549 548 571 ,
569 512 770 576 impleta
793 527 844 561 ut
866 509 1014 559 essent
1044 508 1123 558 sex
1155 510 1306 559 millia

36 597 323 630 armatorum
339 618 354 642 ,
377 579 602 629 fiduciam
622 579 948 628 Androstheni
969 577 1187 627 fecerunt
1209 579 1311 627 acie

38 648 344 698 decernendi.
382 647 675 697 Nicostratus
711 661 888 712 praetor
920 646 1212 694 Achaeorum
1239 645 1314 695 Si-

42 733 204 784 cyone
234 731 334 766 erat
354 733 462 764 cum
486 716 674 764 duobus
695 715 900 763 millibus
924 715 1143 780 peditum
1159 751 1172 774 ,
1200 731 1315 763 cen-

39 798 140 834 tum
170 784 437 850 equitibus:
461 783 541 833 sed
565 786 799 849 imparem
834 782 879 831 se
903 783 954 831 ὃς
985 799 1189 831 numero
1208 820 1223 842 ,
1259 784 1316 832 &

39 869 216 919 genere
248 853 451 902 rnilitum
491 868 691 900 cernens
712 889 730 909 ‚
759 851 1000 900 moenibus
1036 868 1135 898 non
1161 867 1315 899 exce-

38 920 199 970 debat.
230 919 398 987 Regiae
432 923 587 987 copiae
623 919 840 984 peditum
869 920 1182 985 equitumque
1217 937 1316 967 va·-

39 1004 109 1055 gae
125 1025 140 1048 ,
176 987 536 1048 Pellenensem,
557 987 609 1035 &
628 986 878 1035 Phliasium
898 1025 912 1046 ,
948 987 998 1036 ἃ
1021 985 1314 1036 Cleonaeum

39 1072 201 1123 agrum
225 1056 658 1122 depopulabantur.
680 1054 932 1104 Postremo
964 1055 1315 1120 exprobrantes

40 1139 224 1172 metum
255 1123 410 1184 hosti,
447 1126 494 1171 in
531 1121 651 1172 fines
685 1122 1030 1189 Sicyoniorum
1067 1122 1318 1172 transcen-

41 1190 251 1240 debant:
271 1193 471 1241 navibus
486 1192 628 1240 etiam
647 1190 952 1240 circumveffi
966 1208 1163 1240 omnem
1180 1209 1318 1240 oram

43 1258 242 1308 Achaiae
264 1258 524 1309 vastabant.
543 1258 714 1324 Quum
733 1258 783 1307 id
807 1256 993 1308 effusius
1015 1257 1172 1307 hostes
1191 1297 1204 1317 ‚
1230 1259 1280 1307 &L
1300 1296 1317 1320 ,

43 1342 94 1374 ut
121 1325 175 1376 fit
204 1328 262 1376 ab
296 1329 441 1376 nimia
468 1325 639 1375 fiducia
660 1364 674 1388 ‚
710 1327 1032 1394 negligentius
1069 1331 1214 1376 etiam
1241 1326 1317 1375 fa-

43 1409 237 1452 cerent,
270 1394 562 1444 Nicostratus
595 1393 728 1461 spem
759 1395 920 1444 nasius
947 1411 1037 1443 nec
1058 1397 1317 1461 opinantes

41 1478 128 1510 eos
166 1463 508 1529 aggrediendi,
540 1464 662 1511 circa
696 1461 921 1512 finitimas
943 1465 1158 1512 civitates
1185 1480 1318 1512 nun-

43 1531 169 1579 cium
191 1531 433 1580 occultum
451 1531 593 1579 mittit
610 1569 626 1592 ‚
645 1549 743 1597 quo
767 1533 843 1580 die
861 1569 876 1591 ‚
908 1531 958 1580 &
977 1547 1098 1598 quot
1120 1549 1179 1579 ex
1198 1550 1319 1597 qua-

43 1614 136 1664 que
167 1600 361 1648 civitate
381 1601 583 1657 armati,
609 1600 670 1647 ad
689 1599 988 1665 Apelaurum
1013 1598 1320 1665 (Stympha-

42 1665 117 1714 liae
151 1679 289 1716 terrae
318 1670 355 1716 is
390 1668 524 1716 locus
555 1665 659 1734 est)
702 1671 1038 1716 convenirent.
1072 1666 1323 1716 Omnibus

45 1733 106 1782 ad
138 1733 264 1783 diem
287 1734 490 1784 edietam
520 1738 692 1801 paratis
708 1774 721 1794 ,
741 1734 981 1802 professus
998 1736 1110 1784 inde
1133 1750 1323 1784 extem-

45 1801 127 1866 plo
147 1840 163 1862 ,
194 1820 278 1868 per
294 1802 602 1852 Phliasiorum
627 1802 748 1853 fines
765 1842 778 1865 ,
811 1802 949 1851 11er
981 1802 1194 1852 Cleonas
1214 1842 1229 1861 ,
1250 1806 1324 1851 in-

45 1867 149 1918 sciis
166 1871 386 1936 omnibus
417 1872 529 1937 quid
557 1889 771 1936 pararet,
793 1874 1015 1936 pervenit
1038 1890 1048 1919 ε
1077 1886 1212 1920 erant
1237 1889 1324 1920 au-

50 1950 153 1986 tem
191 1955 298 1986 cum
338 1956 398 1989 eo
439 1941 651 2006 quinque
691 1941 838 1990 millia
878 1940 1096 2006 peditum
1132 1978 1148 2001 ,
1195 1956 1215 1988 1
1260 1956 1322 1989 ex

109 2088 134 2128 9
167 2076 250 2135 Qui
275 2077 315 2118 in
342 2091 502 2133 utraque
535 2092 650 2134 parte
713 2078 903 2130 ieeturam
932 2079 1206 2132 ampleffimur
1224 2106 1234 2127 ‚
1255 2078 1324 2132 qui

47 2136 326 2193 militabane.]
355 2141 454 2179 Nam
473 2140 652 2180 Creten·
713 2155 823 2181 tatus
858 2141 988 2182 deefl'e
1015 2141 1080 2181 hic
1114 2155 1324 2180 numerum

51 2198 111 2240 ses
139 2200 180 2240 δ(
196 2200 385 2241 Romanis
409 2202 447 2241 ὃ(
468 2201 653 2255 Philippo
715 2204 815 2243 levis
843 2215 1050 2242 armaturae
1075 2235 1086 2253 ,
1116 2215 1250 2242 cetera
1272 2201 1323 2241 iic

50 2261 284 2303 militabant.
300 2262 393 2304 Hoc
411 2262 503 2302 ideo
522 2263 653 2303 obser-
715 2264 877 2318 refingi-t
896 2278 906 2305 t
929 2265 1059 2304 Erant
1081 2277 1207 2303 autem
1241 2278 1327 2302 cam

53 2333 195 2372 vatur,
231 2324 319 2378 quia
358 2326 509 2364 mentio
543 2324 657 2378 supra
720 2340 764 2366 eo
794 2332 955 2380 quinque
982 2325 1110 2364 millia
1130 2353 1143 2370 ,
1173 2339 1221 2364 ex
1246 2328 1329 2377 qai-

55 2383 155 2423 faRa
172 2385 246 2425 fuit
263 2385 511 2427 Cretensium
530 2386 656 2438 Quin·
720 2387 819 2428 bus..
837 2400 1038 2427 armatum
1058 2387 1154 2426 levis
1169 2416 1180 2430 ‚
1198 2386 1233 2424 δ’
1254 2399 1330 2423 tre-

56 2445 117 2486 tio
138 2444 426 2493 adiunftorum.
539 2473 544 2478 ·
721 2449 993 2502 centiequitcs.
1013 2450 1103 2487 Cum
1116 2448 1162 2486 iis
1178 2446 1299 2500 copiis
1316 2473 1333 2494 ,

0 2506 1 2509 ¹
128 2518 141 2546 ι
178 2507 245 2546 Ex
287 2509 417 2562 quibus
456 2522 660 2550 armaturae
721 2509 874 2565 dimiffis
908 2514 969 2563 qui
997 2507 1292 2563 specularentur
1313 2535 1333 2553 ,.

0 2600 1 2603 η
59 2567 158 2607 levis
179 2596 191 2614 ,
228 2569 266 2608 G·
283 2575 444 2611 trecenti
462 2572 622 2625 equites.
641 2572 663 2625 J
727 2587 834 2626 qnam
849 2572 886 2610 in
904 2584 1054 2624 partem
1069 2569 1190 2619 hostes
1207 2567 1334 2622 effim-

56 2628 333 2673 felicissimam
349 2630 549 2675 Perizonii
569 2647 663 2676 con=
726 2635 861 2676 dez-ent
878 2628 992 2739 seg,
1012 2630 1304 2687 opperiebatur,

996 2708 1028 2742 V
