1680 3052
102 205 296 256 U.c.554.

104 260 295 310 aVCJtJS.

114 318 296 373 Carystus

102 393 237 438 Capta·

155 1013 290 1056 Atrax

92 1078 275 1132 pertina-

98 1140 200 1178 citer
220 1142 291 1180 de-

88 1201 287 1255 'senditltr-

305 106 382 186 98
592 103 650 164 T
691 122 713 162 1
755 121 797 164 T
840 120 863 162 1
959 104 1005 162 L
1052 121 1074 162 1
1118 120 1164 162 v
1207 121 1228 162 1
1273 120 1298 162 ῑ

375 185 542 236 XVII.
574 185 808 254 Carystus
842 186 955 236 inde
977 189 1183 253 repetita
1212 204 1223 234 ε
1253 185 1415 248 unde,
1440 180 1603 254 prius³

305 273 451 322 quam
492 273 520 307 e
555 258 758 306 navibus
801 258 956 321 copiae
993 270 1387 320 exponerentur,
1427 259 1590 306 omnis
1663 280 1669 290 ¹

308 325 601 384 multitudo,
636 325 755 374 urbe
802 323 991 373 deserta
1012 361 1025 383 ,
1059 327 1108 372 in
1155 340 1318 373 arcem
1353 325 1594 393 confugit.

302 392 424 443 Inde
449 395 511 455 ad
538 393 687 442 fidem
720 393 781 441 ab
814 391 1044 440 Romano
1080 392 1343 457 petendam
1366 409 1589 444 oratores

301 464 499 513 mittunt
529 481 540 511 τ
573 461 832 528 oppidanis
879 462 1131 526 extemplo
1169 462 1271 510 vita
1308 479 1363 509 ac
1395 461 1591 512 libertas

302 529 526 581 concessa
569 530 636 578 est
666 547 678 578 ε
723 528 1085 579 Macedonibus
1115 545 1149 592 7
1183 532 1369 579 treceni
1403 532 1591 580 nummi

297 600 350 649 in
377 600 532 667 capita
556 595 782 646 statutum
821 596 888 647 est
916 599 1124 663 pretium
1143 634 1158 658 ,
1186 597 1238 646 ὅ(
1255 612 1307 648 ut
1328 601 1469 647 armis
1490 614 1594 648 tra-

299 668 411 718 ditis
441 668 647 716 abirent.
679 666 787 714 Hac
821 664 1010 714 summa
1041 665 1318 732 redempti,
1354 669 1405 715 in
1439 666 1594 717 Boeo-

299 738 419 786 tiam
456 738 667 785 inermes
701 732 900 799 trajeffi.
935 733 1147 783 Navales
1183 737 1369 801 copiae,
1403 735 1590 787 duabus

298 805 440 854 claris
459 805 658 854 urbibus
695 802 896 853 Euboeae
918 804 1043 851 intra
1074 803 1175 852 dies
1206 821 1388 868 paucos
1409 806 1590 870 captis,

303 872 642 923 circumve&ae
670 871 872 922 Sunium
906 870 1082 920 Atticae
1115 887 1253 920 terrae
1290 887 1593 938 promonto-

301 944 462 1003 rium,
498 941 776 992 Cenchreas
803 939 1174 991 Corinthiorum
1204 942 1482 1006 emporium
1503 958 1594 1007 pe·

299 1012 494 1061 tierunt.
526 1009 713 1060 Consul
745 1011 938 1060 interim
970 1010 1190 1057 omnium
1212 1008 1296 1074 spe
1329 1009 1358 1058 8
1392 1009 1595 1077 longio-

300 1097 402 1129 rem
431 1081 827 1144 atrocioremque
861 1080 1281 1144 oppugnationem
1307 1077 1473 1126 habuit
1497 1095 1508 1126 :
1536 1079 1593 1128 δε.

303 1149 361 1197 ea
381 1187 395 1209 ,
425 1149 522 1216 qua
554 1150 807 1198 minimum
841 1144 1144 1206 credidisset,
1178 1143 1455 1195 resistebant
1489 1146 1593 1196 ho-

299 1216 388 1267 stes
424 1236 434 1266 z
472 1234 585 1266 nam
611 1233 814 1267 omnem
848 1214 1068 1266 laborem
1105 1216 1153 1263 in
1184 1231 1324 1263 muro
1351 1215 1592 1266 diruendo

300 1286 572 1336 crediderat
613 1286 721 1336 fore
763 1302 773 1332 :
820 1282 854 1332 si
888 1283 1073 1332 aditum
1112 1284 1306 1331 armatis
1332 1285 1380 1332 in
1415 1284 1591 1333 urbem

301 1353 640 1423 patefecisset,
677 1353 841 1422 fugam
887 1353 1000 1402 inde
1054 1351 1337 1418 caedemque
1383 1350 1591 1401 hostium

302 1424 409 1474 fore
429 1462 443 1484 ,
477 1424 633 1491 qualis
663 1424 814 1490 captis
835 1421 1032 1470 urbibus
1051 1418 1154 1470 fieri
1178 1419 1300 1470 solet
1328 1439 1338 1469 z
1371 1423 1592 1470 ceterum

302 1490 621 1560 posteaquam
643 1529 657 1552 ,
692 1508 825 1559 parte
849 1492 973 1539 muri
995 1490 1221 1538 arietibus
1248 1488 1446 1538 decussa
1462 1527 1477 1550 ,
1502 1506 1596 1556 per

300 1561 426 1627 ipsas
463 1564 620 1611 ruinas
671 1560 1066 1611 transcenderunt
1099 1559 1147 1607 in
1183 1557 1353 1608 urbem
1389 1559 1597 1620 armati,

299 1631 419 1679 illud
461 1630 752 1697 principium
799 1628 936 1677 velut
977 1627 1095 1675 novi
1138 1642 1283 1692 atque
1321 1627 1496 1693 integri
1521 1627 1595 1675 la·

299 1699 435 1749 boris
469 1698 557 1750 fuit
590 1717 601 1747 z
636 1717 748 1748 nam
786 1696 1127 1756 Macedones,
1155 1698 1237 1761 qui
1282 1695 1330 1742 in
1369 1693 1595 1761 praesidio

299 1783 436 1817 erant
475 1768 525 1817 &
563 1770 700 1817 multi
736 1767 788 1815 ὃ(
821 1764 993 1815 deleffl
1016 1803 1029 1821 ,
1057 1763 1261 1832 gloriam
1281 1765 1427 1812 etiam
1456 1780 1597 1831 egre-

300 1839 431 1903 giam
468 1839 589 1897 rati,
623 1837 656 1885 s1
701 1837 843 1885 armis
889 1835 1052 1900 potius
1103 1833 1154 1881 &
1189 1834 1404 1891 virtute,
1446 1832 1597 1898 quam

300 1907 548 1957 moenibus
595 1907 768 1955 urbem
810 1918 1091 1962 tuerentur,
1130 1900 1338 1950 conferti
1379 1901 1597 1967 pluribus

364 2068 392 2107 7
409 2051 575 2094 Treceni
594 2049 782 2103 nummi.]
808 2046 918 2100 Qua·
984 2045 1082 2087 ceni.
1105 2043 1346 2103 Quadrigari
1362 2043 1468 2085 enim
1487 2073 1499 2092 ‚
1520 2045 1598 2086 de-

302 2119 363 2159 les
385 2117 427 2155 hi
445 2112 626 2155 nummi?
659 2112 848 2153 Graecine
869 2124 918 2149 an
983 2108 1082 2148 narii
1118 2109 1209 2147 sunt
1241 2135 1253 2154 ,
1294 2107 1435 2161 quibus
1475 2121 1596 2160 pares

303 2178 504 2223 Romani?
528 2176 751 2215 Drac'nmas
772 2172 917 2212 intelli·
983 2171 1200 2210 drachmae.
1219 2169 1438 2209 Trecentae
1456 2169 1598 2210 drach·

304 2241 456 2297 gendas
472 2238 548 2278 effe
567 2238 684 2276 facile
703 2234 917 2276 credideri-
982 2247 1056 2274 mae
1074 2230 1253 2272 efficiunt
1270 2245 1422 2272 marcas
1437 2232 1598 2286 argenti

305 2317 410 2344 mus.
430 2302 476 2342 Id
504 2311 547 2339 ut
575 2299 813 2352 suspicemur
832 2327 841 2341 ‚
865 2296 919 2336 fa·
983 2294 1181 2335 nostrates
1212 2309 1239 2343 4
1259 2322 1269 2340 ‚
1294 2307 1381 2333 cum
1417 2295 1596 2349 quinque

306 2365 419 2408 ciunt
445 2363 575 2418 pretia
610 2362 649 2400 in
680 2359 806 2412 capita
832 2358 919 2398 Ro·
983 2357 1111 2397 unciis
1131 2357 1171 2397 &
1191 2355 1406 2395 semuncia.

307 2440 518 2469 manorum
537 2422 747 2464 constituta
765 2422 811 2461 ab
835 2420 920 2460 An·
1047 2419 1070 2458 8
1091 2417 1326 2472 Longiorem
1343 2417 1596 2459 atrociorem·

307 2490 440 2533 nibule
482 2486 568 2542 post
610 2498 781 2540 pugnam
817 2482 921 2521 Can·
984 2495 1053 2535 que
1080 2480 1458 2534 oppugnationem.]
1482 2481 1595 2536 Leffe

309 2551 475 2594 mensem
497 2578 508 2597 ,
543 2548 657 2602 supra
695 2548 721 2587 l.
761 2544 885 2585 XXII
908 2571 919 2591 ‚
985 2542 1201 2597 longiorem
1233 2542 1394 2581 Atracis
1413 2544 1512 2590 ,vel
1541 2542 1596 2583 ad

312 2627 351 2653 c.
378 2613 427 2660 58
446 2641 457 2659 ‚
479 2609 600 2666 equiti
625 2608 806 2665 quingena·
831 2620 923 2660 qua·
984 2605 1171 2644 Atracem
1246 2604 1595 2659 oppugnationem.

312 2674 460 2737 drigati
483 2672 625 2717 nummi
644 2700 655 2723 ,
681 2669 811 2729 pediti
840 2680 922 2711 tre-
983 2666 1094 2713 Vide
1112 2665 1230 2722 supra
1249 2679 1286 2708 c.
1311 2678 1384 2722 15.
