1680 3052
209 102 256 159 L
302 101 405 156 1‘13
452 111 487 153 E
532 112 572 154 R
653 94 1111 155 XXXVIII.
1214 112 1317 176 553

38 180 121 230 'diu
151 180 342 230 Achaeis
371 179 584 228 obnoxia
619 174 741 234 fuit3
776 176 904 224 nulla
937 191 1098 226 tamen
1124 192 1197 225 res
1218 194 1325 226 tan·
1342 190 1534 245 U,c‚563‚

41 263 96 296 to
130 264 229 299 erat
264 250 476 305 damno,
514 243 659 312 quern
695 242 938 318 disciplina
969 243 1213 310 Lycurgi,
1247 246 1534 294 cuia.C.1S‹).

39 333 130 383 per
157 317 486 384 septingentos
517 330 670 362 annos
693 310 1020 371 assueverant‚
1058 311 1251 361 sublata.

111 383 328 433 XXXV.
361 384 408 431 A
438 381 647 431 concilio
667 418 680 440 ,
712 380 792 428 ubi
823 380 952 446 apud
975 378 1221 428 consulem
1246 382 1319 428 in-

40 466 115 501 ter
136 452 343 501 Achaeos
365 447 855 514 Lacedaemoniosque
877 447 1199 514 disceptatum
1222 447 1288 495 est

1396 301 1536 356 Dissio
1609 334 1612 337 ,

1333 364 1539 419 plinaLy·

1335 422 1538 481 curgisub-

1304 486 1318 508 ’
1338 489 1443 527 lata.

44 519 136 569 M.
154 521 349 570 Fulvius
366 557 385 578 ‚
416 520 526 583 quia
549 516 648 583 jam
676 519 725 564 in
752 517 881 565 exitu
903 534 1052 565 annus
1076 530 1176 565 erat
1196 553 1212 576 ‚
1238 533 1323 564 co·
1342 548 1537 593 Comitia.

40 589 292 638 mitiorum
319 585 454 636 caus&
473 584 716 652 profecius
736 582 949 633 Romam
965 621 978 643 ,
999 584 1178 633 creavit
1199 601 1325 632 con-

42 653 166 705 sules
190 655 266 704 M.
296 655 549 704 Valerium
577 650 825 702 Messalam
843 689 857 712 ‚
875 651 928 701 ὃ(
949 650 1011 701 C.
1031 652 1223 702 Livium
1240 650 1326 701 Sa-

41 721 335 782 linatorem,
369 738 519 790 quum
554 719 629 770 M.
660 720 911 768 AEmilium
949 719 1189 786 Lepidum
1230 722 1329 768 ini-

42 791 225 839 micum
259 807 320 839 eo
372 804 564 856 quoque
606 805 736 836 anno
774 800 1024 854 petentem
1064 786 1330 850 dejecisset.

40 856 278 908 Praetores
317 859 430 907 inde
483 858 628 906 creati
669 855 739 921 Q.
788 855 999 904 Marcius
1043 854 1327 922 Philippus,

41 924 118 975 M.
139 925 371 976 Claudius
391 924 680 983 Marcellus,
714 922 776 973 C.
802 923 1052 973 Stertinius
1078 962 1092 984 ‚
1129 923 1191 974 C.
1216 925 1327 973 Ati-

41 996 185 1056 nius,
230 994 279 1043 P.
315 993 544 1043 Claudius
586 991 820 1054 Pulcher,
860 991 916 1040 L.
959 992 1170 1042 Manlius
1205 992 1330 1041 Aci-

42 1061 202 1114 dinus.
242 1061 469 1112 Comitiis
501 1059 721 1127 perfeffis
748 1097 766 1118 ,
815 1059 1060 1109 consulem
1100 1061 1174 1110 M.
1212 1061 1330 1110 Ful-

0 1151 4 1155 ·
42 1130 179 1180 vium
210 1131 259 1179 in
293 1131 594 1197 provinciam
630 1127 690 1176 ad
722 1130 985 1176 exercitum
1019 1129 1174 1178 redire
1215 1130 1331 1194 pla-

42 1200 184 1249 cuit:
219 1200 360 1264 eique
407 1198 461 1247 &
509 1196 709 1263 collegae
757 1193 854 1245 Cn.
913 1196 1105 1246 Manlio
1162 1199 1330 1262 impe-

41 1268 166 1315 rium
202 1269 249 1315 in
298 1282 475 1315 annum
517 1278 834 1331 prorogatum
881 1263 963 1312 est.
1002 1262 1076 1313 Eo
1110 1282 1238 1314 anno
1278 1267 1331 1315 in

44 1334 203 1383 aedem
240 1334 461 1383 Herculis
493 1332 676 1399 signum
711 1331 789 1381 dei
825 1331 966 1397 ipsius
989 1370 1004 1391 ‚
1038 1349 1097 1382 ex
1129 1333 1332 1382 decem-

44 1404 263 1451 virorum
299 1400 558 1467 responso,
597 1401 649 1448 ὅ(
683 1398 867 1466 sejuges
893 1402 939 1448 in
967 1399 1218 1466 Capitolio
1237 1419 1332 1449 au·—

43 1471 132 1517 rati
164 1488 190 1517 a
229 1468 281 1517 P.
317 1467 554 1518 Cornelio
598 1467 768 1533 positi3
794 1483 823 1532 9
869 1468 1111 1518 consulem
1145 1468 1328 1520 dedisse

44 1536 322 1603 inscriptum
360 1536 444 1586 est.
489 1536 549 1584 Et
595 1537 856 1585 duodecim
901 1553 921 1585 1
969 1539 1144 1602 clypea
1184 1552 1330 1588 aerata

39 1606 106 1653 'ab
144 1605 357 1654 aedilibus
394 1605 667 1661 curulibus.
693 1603 743 1652 P.
771 1602 981 1653 Claudio
1017 1605 1069 1654 &
1093 1605 1192 1655 Ser.
1217 1605 1329 1655 Sul-

44 1674 176 1739 picio
208 1671 399 1733 Galba,
432 1671 537 1720 sunt
569 1671 721 1738 posita
755 1689 814 1720 ex
851 1676 1083 1738 pecunia,
1110 1674 1204 1740 qu&
1230 1674 1331 1724 fru-

45 1743 307 1794 mentarios
344 1758 371 1789 2
405 1742 470 1790 ob
500 1757 744 1791 annonam
778 1739 1094 1808 compressam
1122 1743 1329 1802 damna-⁴

107 1912 134 1953 9
151 1899 353 1955 Consulem
367 1899 506 1953 dediffe
521 1898 655 1954 inscri-

42 1975 153 2019 ptum
186 1963 252 2013 est.
272 1963 288 2016 ]
312 1963 406 2002 Mos
435 1963 508 2003 fuit
538 1973 656 2002 vete-

45 2039 133 2065 rum
153 2051 164 2071 ‚
191 2036 235 2064 ut
261 2025 299 2062 in
335 2025 509 2064 donariis
541 2025 654 2064 dedi-

49 2086 200 2133 candis,
219 2086 536 2125 monumentisve
555 2100 653 2126 con-

45 2148 248 2188 secrandis
279 2175 292 2192 ,
327 2148 524 2187 honorum
554 2162 655 2201 quos

49 2208 243 2264 gessissent
281 2235 293 2256 ,
347 2222 392 2248 ac
438 2209 657 2263 praesertim

49 2271 281 2311 consulatus
322 2270 566 2310 mentionem
595 2272 657 2311 fa·-

48 2342 191 2372 cerent
214 2364 225 2381 ,
254 2331 415 2384 seseque
443 2333 624 2373 consules
643 2360 656 2380 ,

47 2407 91 2434 v.
127 2408 166 2448 g.
193 2393 455 2433 inscriberent
475 2422 486 2441 ,
521 2408 658 2448 quam-

40 2455 111 2494 ’νίς
139 2454 364 2495 consulatus
395 2465 552 2509 tempus
572 2466 658 2496 tum

43 2517 231 2557 'exafkum
267 2515 395 2561 ess'et,
430 2532 550 2571 quum
589 2518 657 2558 ille

47 2578 190 2618 titulus
216 2578 514 2620 inscriberetur.
532 2579 658 2633 Igitur

56 2636 200 2693 (liceg
214 2639 352 2678 Livius
382 2639 445 2679 hic
475 2642 657 2685 dubitare

231 2700 356 2750 Tom.
382 2703 438 2753 V.

718 1900 903 1941 videatur
932 1901 950 1955 )
1004 1900 1050 1941 P.
1105 1899 1330 1945 cornelius

720 1963 812 2002 dum
840 1962 1030 2015 inscripsit
1055 1962 1092 2002 se
1122 1965 1329 2005 consulem

719 2023 874 2077 sejuges
903 2023 1076 2071 dediffe,
1107 2024 1329 2079 significare

718 2085 872 2125 tantum
912 2086 1042 2125 voiuit
1082 2086 1120 2125 se
1166 2088 1326 2129 honore

720 2147 944 2187 consulatus
963 2146 1039 2187 effe
1057 2148 1327 2200 perfunftum,

719 2223 801 2249 non
838 2208 944 2250 *vero
982 2220 1078 2249 tunc
1120 2210 1328 2250 consulem

719 2269 760 2310 se
792 2270 902 2310 fuisse
924 2298 936 2318 ,
968 2284 1088 2325 quum
1116 2272 1214 2312 illud
1248 2272 1327 2314 do-

721 2346 816 2373 num
847 2334 976 2373 daret.

788 2407 804 2434 1
850 2394 998 2448 Clypea
1037 2407 1169 2436 aerata.
1205 2395 1222 2448 ]
1261 2393 1328 2437 An

720 2469 801 2496 non
833 2455 967 2509 potius
988 2485 998 2504 ‚
1035 2458 1212 2496 aurata?

783 2531 808 2558 2
829 2517 890 2558 Ob
908 2532 1101 2557 annonam
1134 2516 1331 2572 compres-

714 2576 853 2634 sam.]
891 2579 958 2620 Ob
992 2577 1250 2632 compressum
1284 2579 1327 2619 δε

720 2652 924 2684 retentum
982 2640 1089 2681 domi
1149 2641 1329 2694 frumenq

1037 2698 1132 2750 Aa
