1680 3052
287 135 400 182 102
560 113 844 178 *Tri-1
938 121 1280 179 Lrvtt

75 215 353 274 U.c.554·t0⁵
395 199 676 251 introduffis
719 200 892 269 legatis
945 201 1158 268 potestas
1210 201 1406 253 dicendi
1446 201 1576 257 faRa'

75 279 251 326 a.C.1c>S
278 265 364 318 est.
397 267 649 319 Romanus
683 271 894 336 primurn
929 270 1117 339 legatus
1151 271 1206 320 L.
1246 271 1567 339 Calpurnius,

89 337 458 387 Audiuntdeinde
485 337 639 388 Attali
659 340 783 405 regis
812 338 990 405 legati,
1019 338 1127 406 post
1154 356 1241 390 eos
1264 338 1448 390 Rhodii
1471 340 1570 390 dis-

74 401 245 458 legatos.
279 404 545 456 seruerunt.
581 406 792 473 Philippi
816 406 995 456 deinde
1031 408 1203 475 legatis
1241 408 1434 458 dicendi
1467 428 1570 476 po·-

280 472 424 525 testas
461 474 583 523 facia
627 473 694 524 est
718 491 728 522 :
762 472 994 541 postremi
1023 475 1347 526 Athenienses
1366 514 1382 539 ‚
1410 492 1462 527 ut
1484 495 1582 527 re-,

278 542 507 593 fellerent
545 542 882 592 Macedonum
913 542 1070 606 dieta,
1098 546 1248 594 auditi
1277 545 1398 596 sunt.
1433 544 1472 594 Ii
1496 545 1571 595 fe-

279 612 333 661 τὲ
362 609 651 660 atrociffime
686 613 736 659 in
769 628 969 680 regem,
1004 613 1114 679 quia
1141 614 1260 662 nulli
1294 632 1383 664 nec
1404 615 1570 681 plura,

279 696 374 731 nec
403 695 504 729 tam
526 680 700 729 acerba
723 679 839 746 paffi
856 693 1023 742 erant,
1051 681 1229 731 inveffl
1259 682 1381 732 sunt.
1409 683 1469 731 Et
1490 684 1571 732 illa

280 748 483 815 quidem
515 751 689 798 concio
717 748 801 797 sub
832 749 1051 798 occasum
1091 749 1234 811 soli5‚
1276 764 1351 800 tot
1383 752 1574 818 legato-

279 835 387 865 rum
421 819 669 884 perpetuis
713 818 1011 868 orationibus
1044 817 1122 868 die
1160 818 1416 887 absumpto
1438 857 1453 882 ,
1490 820 1574 869 di-

277 883 415 935 miffa
445 885 530 935 est.

349 953 464 1004 XX.
494 952 695 1004 Postero
738 954 817 1004 die
853 954 1121 1005 advocatur
1153 956 1414 1004 concilium
1448 973 1459 1004 ε
1490 955 1574 1006 ubi

279 1039 432 1088 quum
469 1041 557 1088 per
598 1040 911 1086 praeconem,
955 1023 1071 1072 ficut
1103 1021 1288 1073 Graecis
1324 1042 1431 1073 mos
1473 1023 1572 1086 est,

279 1091 546 1152 suadendi,
580 1091 614 1139 fi
647 1093 755 1158 quis
788 1092 974 1152 vellet,
1011 1091 1224 1159 potestas
1259 1111 1286 1140 a
1323 1091 1575 1160 magistra-

278 1159 407 1209 tibus
451 1160 576 1210 faeiat
624 1160 770 1221 esset,
799 1177 889 1209 nec
921 1161 1166 1227 quisquam
1201 1161 1455 1227 prodiret3
1491 1161 1575 1212 diu

127 1227 519 1284 *Sigen-silentium
549 1228 754 1279 aliorum
785 1230 904 1278 alios
932 1231 1224 1279 intuentium
1250 1229 1339 1278 fuit
1372 1247 1382 1277 ε
1412 1247 1575 1296 neque

75 1305 171 1348 tium
210 1300 456 1348 in-mirum
481 1337 495 1359 ‚
524 1297 558 1346 si
577 1335 592 1359 ‚
627 1298 801 1365 quibus
834 1298 915 1347 sua
943 1297 1115 1365 sponte
1145 1297 1473 1349 volutantibus
1498 1316 1575 1348 res

74 1380 139 1407 ter
203 1367 405 1417 A-inter
455 1366 504 1416 se
554 1382 825 1434 pugnantes
860 1367 1215 1434 obtorpuerant
1250 1367 1579 1434 quodammo-

74 1428 214 1472 chaeos.
281 1436 347 1485 do
385 1437 565 1497 animi,
600 1453 688 1485 eos
731 1437 978 1486 orationes
1015 1452 1211 1502 quoque
1250 1435 1442 1501 insuper
1471 1450 1577 1485 tur-

278 1504 517 1555 baverant
540 1543 554 1565 ‚
590 1507 834 1573 utrimque
882 1522 988 1572 quae
1038 1503 1248 1554 difficilia
1287 1504 1437 1555 effent
1467 1522 1578 1571 pro-

281 1575 466 1623 mendo
504 1573 952 1640 admonendoque,
985 1590 1073 1641 per
1114 1589 1276 1623 totum
1331 1574 1460 1622 diem
1496 1573 1580 1624 ha-

280 1642 411 1692 bitae.
455 1641 685 1693 Tandem
725 1641 983 1692 Aristaenus
1026 1658 1204 1709 praetor
1243 1641 1579 1704 Achaeorum,

103 1729 345 1788 gristaeme
378 1714 581 1762 tacitum
617 1713 876 1762 concilium
906 1711 1169 1761 dimitteret
1196 1729 1206 1760 z
1236 1712 1361 1772 Ubi,
1384 1712 1537 1778 inquit
1559 1747 1577 1771 ,

77 1815 149 1842 nus
172 1782 376 1854 pfae.z'lla
419 1781 670 1830 certamina
718 1783 1009 1839 animorum,
1052 1781 1253 1840 Achaei,
1277 1781 1390 1845 sunt
1413 1817 1429 1839 ‚
1477 1781 1580 1845 qui·
1613 1838 1618 1839 ⁷

78 1875 146 1903 tor
207 1851 369 1901 eosbus
399 1851 449 1898 in
482 1850 712 1900 conviviis
753 1849 797 1899 δ’
843 1849 1063 1909 circulis,
1092 1867 1225 1915 quum
1258 1850 1313 1896 de
1351 1849 1577 1915 Philippo

77 1925 260 1965 hortatur
285 1919 330 1967 ἐξ»
369 1921 597 1967 Romanis
629 1920 794 1968 mentio
829 1919 998 1968 incidit
1016 1954 1033 1976 ,
1067 1919 1151 1968 vix
1174 1918 1385 1966 manibus
1406 1933 1580 1984 tempe-

77 1987 463 2041 utexpro-rabatz‘s
486 1988 512 2035 ?
548 1989 693 2037 Nunc
715 1988 763 2036 in
788 1988 983 2037 concilio
1003 1987 1069 2034 ad
1096 2005 1193 2035 eam
1224 2004 1311 2033 rem
1341 2004 1478 2035 unam
1500 1987 1579 2035 in-

78 2060 190 2117 mas²²
286 2057 401 2104 diao
427 2094 442 2116 ‚
480 2073 617 2121 quum
660 2057 907 2124 legatorum
951 2055 1169 2122 utrimque
1205 2056 1343 2103 verba
1374 2055 1581 2103 audieri-

78 2106 274 2179 qradsen-
287 2127 349 2173 tis
368 2161 385 2183 ‚
424 2142 559 2190 quum
595 2123 792 2190 referant
821 2125 1137 2192 magistratus,
1175 2142 1310 2189 quum
1338 2141 1486 2189 praeco
1515 2124 1583 2172 acl

77 2184 203 2217 ‘¹4⁶⁸'
276 2193 567 2260 suadendum
594 2209 724 2242 vocet
742 2231 756 2254 ‚
787 2194 1082 2259 obmutuistis.
1115 2194 1170 2243 Si
1200 2212 1291 2242 non
1316 2208 1425 2240 cura
1456 2211 1581 2242 com-

285 2263 439 2328 munis
458 2261 633 2328 salutis
647 2299 661 2323 ‚
683 2264 904 2329 nestudia
924 2263 1105 2328 quidem
1121 2300 1138 2321 ,
1159 2279 1255 2328 quae
1286 2262 1334 2310 in
1359 2263 1478 2310 hanc
1497 2276 1582 2310 aut

287 2330 421 2380 illam
450 2346 628 2397 partem
667 2333 848 2380 animos
875 2331 1390 2399 vestroslinclinarunt,
1424 2347 1579 2380 vocem

288 2399 500 2465 cuiquam
529 2397 710 2463 poffunt
741 2400 988 2467 exprimere
1013 2399 1040 2446 ἓ
1078 2418 1212 2465 quum
1241 2397 1483 2464 praesertim
1504 2418 1583 2448 ne-

290 2485 364 2517 mo
403 2482 494 2515 tam
527 2469 657 2516 hebes
675 2470 774 2534 fit,
796 2469 874 2533 qui
894 2469 1101 2536 ignorare
1123 2467 1254 2534 poffit
1271 2504 1288 2526 ,
1323 2468 1506 2523 dicendi
1523 2485 1580 2517 ac

280 2537 514 2602 fizadendi
549 2538 673 2601 quod
722 2536 908 2602 quisque
945 2552 1029 2585 aut
1064 2537 1206 2595 velit,
1247 2551 1330 2584 aut
1362 2535 1578 2603 optimum

286 2620 419 2670 putet
438 2642 455 2664 ,
475 2623 594 2654 nunc
618 2606 892 2670 occasionem
914 2603 994 2669 effe
1013 2641 1031 2664 ,
1049 2604 1314 2671 priusq11am
1337 2606 1580 2670 quicquam

292 2674 589 2725 decernamus
629 2691 645 2725 .·
675 2674 754 2723 ubi
789 2672 932 2742 semel
966 2675 1186 2725 decretum
1220 2673 1338 2736 erit,
1373 2673 1580 2727 omnibus
