<?xml version="1.0" encoding="UTF-8"?>
<!DOCTYPE html PUBLIC "-//W3C//DTD XHTML 1.0 Transitional//EN"
    "http://www.w3.org/TR/xhtml1/DTD/xhtml1-transitional.dtd">
<html xmlns="http://www.w3.org/1999/xhtml" xml:lang="en" lang="en">
 <head>
  <title>
</title>
<meta http-equiv="Content-Type" content="text/html;charset=utf-8" />
  <meta name='ocr-system' content='tesseract 3.04.00' />
  <meta name='ocr-capabilities' content='ocr_page ocr_carea ocr_par ocr_line ocrx_word'/>
</head>
<body>
  <div class='ocr_page' id='page_1' title='image "./tliviipatavinihi0301livy_0247.png"; bbox 0 0 1680 3052; ppageno 0'>
   <div class='ocr_carea' id='block_1_1' title="bbox 252 130 1292 213">
    <p class='ocr_par' dir='ltr' id='par_1_1' title="bbox 252 130 1292 213">
     <span class='ocr_line' id='line_1_1' title="bbox 252 130 1292 213; baseline -0.002 -17"><span class='ocrx_word' id='word_1_1' title='bbox 252 139 607 196; x_wconf 80' lang='lat' dir='ltr'>LIBER</span> <span class='ocrx_word' id='word_1_2' title='bbox 690 130 1052 193; x_wconf 84' lang='lat' dir='ltr'>XXXIV.</span> <span class='ocrx_word' id='word_1_3' title='bbox 1184 152 1292 213; x_wconf 81' lang='lat'>243</span> 
     </span>
    </p>
   </div>
   <div class='ocr_carea' id='block_1_2' title="bbox 19 209 1519 2052">
    <p class='ocr_par' dir='ltr' id='par_1_2' title="bbox 19 209 1507 484">
     <span class='ocr_line' id='line_1_2' title="bbox 19 209 1506 284; baseline -0.005 -12"><span class='ocrx_word' id='word_1_4' title='bbox 19 224 194 272; x_wconf 74' lang='lat' dir='ltr'>t&#39;erunt.</span> <span class='ocrx_word' id='word_1_5' title='bbox 228 216 543 283; x_wconf 84' lang='lat' dir='ltr'>Posteaquam</span> <span class='ocrx_word' id='word_1_6' title='bbox 578 209 726 263; x_wconf 68' lang='lat' dir='ltr'>nemo</span> <span class='ocrx_word' id='word_1_7' title='bbox 753 213 961 263; x_wconf 83' lang='lat' dir='ltr'>hostium</span> <span class='ocrx_word' id='word_1_8' title='bbox 992 214 1159 264; x_wconf 74' lang='lat' dir='ltr'>contra</span> <span class='ocrx_word' id='word_1_9' title='bbox 1195 222 1506 284; x_wconf 45' lang='lat' dir='ltr'>exi-uentu</span> 
     </span>
     <span class='ocr_line' id='line_1_3' title="bbox 19 280 1507 348; baseline -0.003 -11"><span class='ocrx_word' id='word_1_10' title='bbox 19 288 133 348; x_wconf 83' lang='lat' dir='ltr'>bat,</span> <span class='ocrx_word' id='word_1_11' title='bbox 169 287 413 336; x_wconf 87' lang='lat' dir='ltr'>redierunt</span> <span class='ocrx_word' id='word_1_12' title='bbox 444 287 492 331; x_wconf 86' lang='lat' dir='ltr'>in</span> <span class='ocrx_word' id='word_1_13' title='bbox 521 281 683 331; x_wconf 86' lang='lat' dir='ltr'>castra.</span> <span class='ocrx_word' id='word_1_14' title='bbox 719 280 916 330; x_wconf 86' lang='lat' dir='ltr'>Postero</span> <span class='ocrx_word' id='word_1_15' title='bbox 954 282 1030 330; x_wconf 83' lang='lat' dir='ltr'>die</span> <span class='ocrx_word' id='word_1_16' title='bbox 1067 281 1507 346; x_wconf 62' lang='lat' dir='ltr'>Quintius21.e.195.</span> 
     </span>
     <span class='ocr_line' id='line_1_4' title="bbox 22 349 1354 423; baseline -0.003 -19"><span class='ocrx_word' id='word_1_17' title='bbox 22 372 176 423; x_wconf 86' lang='lat' dir='ltr'>prope</span> <span class='ocrx_word' id='word_1_18' title='bbox 208 354 389 403; x_wconf 85' lang='lat' dir='ltr'>flumen</span> <span class='ocrx_word' id='word_1_19' title='bbox 419 366 591 418; x_wconf 78' lang='lat' dir='ltr'>praeter</span> <span class='ocrx_word' id='word_1_20' title='bbox 617 351 788 399; x_wconf 89' lang='lat' dir='ltr'>urbem</span> <span class='ocrx_word' id='word_1_21' title='bbox 808 349 889 398; x_wconf 86' lang='lat' dir='ltr'>sub</span> <span class='ocrx_word' id='word_1_22' title='bbox 925 351 1045 415; x_wconf 88' lang='lat' dir='ltr'>ipsas</span> <span class='ocrx_word' id='word_1_23' title='bbox 1068 349 1304 400; x_wconf 79' lang='lat' dir='ltr'>Menelaii</span> <span class='ocrx_word' id='word_1_24' title='bbox 1349 379 1354 387; x_wconf 93' lang='lat'><em>·</em></span> 
     </span>
     <span class='ocr_line' id='line_1_5' title="bbox 24 415 1306 484; baseline -0.006 -11"><span class='ocrx_word' id='word_1_25' title='bbox 24 425 202 473; x_wconf 88' lang='lat' dir='ltr'>montis</span> <span class='ocrx_word' id='word_1_26' title='bbox 229 421 413 470; x_wconf 81' lang='lat' dir='ltr'>radices</span> <span class='ocrx_word' id='word_1_27' title='bbox 446 420 622 467; x_wconf 89' lang='lat' dir='ltr'>ducere</span> <span class='ocrx_word' id='word_1_28' title='bbox 653 419 817 483; x_wconf 90' lang='lat' dir='ltr'>copias</span> <span class='ocrx_word' id='word_1_29' title='bbox 849 415 1092 466; x_wconf 62' lang='lat' dir='ltr'>instructas</span> <span class='ocrx_word' id='word_1_30' title='bbox 1113 420 1306 484; x_wconf 80' lang='lat' dir='ltr'>pergit3</span> 
     </span>
    </p>

    <p class='ocr_par' dir='ltr' id='par_1_3' title="bbox 24 485 1310 559">
     <span class='ocr_line' id='line_1_6' title="bbox 24 485 1310 559; baseline -0.005 -20"><span class='ocrx_word' id='word_1_31' title='bbox 24 492 189 559; x_wconf 84' lang='lat' dir='ltr'>primae</span> <span class='ocrx_word' id='word_1_32' title='bbox 220 489 489 556; x_wconf 77' lang='lat' dir='ltr'>legionariae</span> <span class='ocrx_word' id='word_1_33' title='bbox 528 486 752 535; x_wconf 84' lang='lat' dir='ltr'>cohortes</span> <span class='ocrx_word' id='word_1_34' title='bbox 786 485 919 533; x_wconf 90' lang='lat' dir='ltr'>ibant</span> <span class='ocrx_word' id='word_1_35' title='bbox 945 502 956 533; x_wconf 69' lang='grc' dir='ltr'>ε</span> <span class='ocrx_word' id='word_1_36' title='bbox 995 485 1117 536; x_wconf 75' lang='lat' dir='ltr'>levis</span> <span class='ocrx_word' id='word_1_37' title='bbox 1147 504 1310 534; x_wconf 86' lang='lat' dir='ltr'>arma-</span> 
     </span>
    </p>

    <p class='ocr_par' dir='ltr' id='par_1_4' title="bbox 26 552 1310 689">
     <span class='ocr_line' id='line_1_7' title="bbox 26 552 1309 621; baseline -0.003 -14"><span class='ocrx_word' id='word_1_38' title='bbox 26 573 130 608; x_wconf 85' lang='lat' dir='ltr'>tura</span> <span class='ocrx_word' id='word_1_39' title='bbox 163 558 216 606; x_wconf 86' lang='lat'>&amp;</span> <span class='ocrx_word' id='word_1_40' title='bbox 247 557 434 621; x_wconf 85' lang='lat' dir='ltr'>equites</span> <span class='ocrx_word' id='word_1_41' title='bbox 473 570 649 621; x_wconf 87' lang='lat' dir='ltr'>agmen</span> <span class='ocrx_word' id='word_1_42' title='bbox 694 554 956 620; x_wconf 86' lang='lat' dir='ltr'><strong>cogebant.</strong></span> <span class='ocrx_word' id='word_1_43' title='bbox 994 552 1146 602; x_wconf 88' lang='lat' dir='ltr'>Nabis</span> <span class='ocrx_word' id='word_1_44' title='bbox 1184 555 1309 603; x_wconf 87' lang='lat' dir='ltr'>intra</span> 
     </span>
     <span class='ocr_line' id='line_1_8' title="bbox 26 619 1310 689; baseline -0.005 -13"><span class='ocrx_word' id='word_1_45' title='bbox 26 643 216 677; x_wconf 85' lang='lat' dir='ltr'>murum</span> <span class='ocrx_word' id='word_1_46' title='bbox 255 621 505 672; x_wconf 62' lang='lat' dir='ltr'>instructos</span> <span class='ocrx_word' id='word_1_47' title='bbox 541 621 827 688; x_wconf 84' lang='lat' dir='ltr'>paratosque</span> <span class='ocrx_word' id='word_1_48' title='bbox 861 619 1118 689; x_wconf 83' lang='lat' dir='ltr'>subsignis</span> <span class='ocrx_word' id='word_1_49' title='bbox 1153 621 1310 670; x_wconf 86' lang='lat' dir='ltr'>habe-</span> 
     </span>
    </p>

    <p class='ocr_par' dir='ltr' id='par_1_5' title="bbox 27 688 1311 757">
     <span class='ocr_line' id='line_1_9' title="bbox 27 688 1311 757; baseline -0.003 -14"><span class='ocrx_word' id='word_1_50' title='bbox 27 694 108 744; x_wconf 89' lang='lat' dir='ltr'>bat</span> <span class='ocrx_word' id='word_1_51' title='bbox 128 694 447 742; x_wconf 85' lang='lat' dir='ltr'>mercenarios</span> <span class='ocrx_word' id='word_1_52' title='bbox 465 691 640 739; x_wconf 84' lang='lat' dir='ltr'>milites</span> <span class='ocrx_word' id='word_1_53' title='bbox 657 728 672 750; x_wconf 88' lang='lat'>‚</span> <span class='ocrx_word' id='word_1_54' title='bbox 696 688 785 756; x_wconf 88' lang='lat' dir='ltr'>(in</span> <span class='ocrx_word' id='word_1_55' title='bbox 814 690 986 757; x_wconf 87' lang='lat' dir='ltr'>quibus</span> <span class='ocrx_word' id='word_1_56' title='bbox 1008 690 1165 738; x_wconf 89' lang='lat' dir='ltr'>omnis</span> <span class='ocrx_word' id='word_1_57' title='bbox 1185 688 1311 739; x_wconf 85' lang='lat' dir='ltr'>fidu-</span> 
     </span>
    </p>

    <p class='ocr_par' dir='ltr' id='par_1_6' title="bbox 25 756 1311 898">
     <span class='ocr_line' id='line_1_10' title="bbox 25 756 1311 827; baseline -0.004 -16"><span class='ocrx_word' id='word_1_58' title='bbox 25 764 103 812; x_wconf 80' lang='lat' dir='ltr'>cia</span> <span class='ocrx_word' id='word_1_59' title='bbox 140 759 279 827; x_wconf 89' lang='lat' dir='ltr'>erat)</span> <span class='ocrx_word' id='word_1_60' title='bbox 321 775 375 808; x_wconf 87' lang='lat' dir='ltr'>ut</span> <span class='ocrx_word' id='word_1_61' title='bbox 408 760 466 807; x_wconf 88' lang='lat' dir='ltr'>ab</span> <span class='ocrx_word' id='word_1_62' title='bbox 508 772 650 824; x_wconf 88' lang='lat' dir='ltr'>tergo</span> <span class='ocrx_word' id='word_1_63' title='bbox 694 756 883 807; x_wconf 85' lang='lat' dir='ltr'>hostem</span> <span class='ocrx_word' id='word_1_64' title='bbox 932 757 1311 824; x_wconf 79' lang='lat' dir='ltr'>aggrederetur3</span> 
     </span>
     <span class='ocr_line' id='line_1_11' title="bbox 32 825 1310 898; baseline -0.003 -19"><span class='ocrx_word' id='word_1_65' title='bbox 32 827 345 898; x_wconf 86' lang='lat' dir='ltr'>posteaquam</span> <span class='ocrx_word' id='word_1_66' title='bbox 382 842 652 876; x_wconf 82' lang='lat' dir='ltr'>extremum</span> <span class='ocrx_word' id='word_1_67' title='bbox 693 842 871 893; x_wconf 80' lang='lat' dir='ltr'>agmen</span> <span class='ocrx_word' id='word_1_68' title='bbox 910 827 1171 891; x_wconf 83' lang='lat' dir='ltr'>praeteriit,</span> <span class='ocrx_word' id='word_1_69' title='bbox 1194 825 1310 875; x_wconf 74' lang='lat' dir='ltr'>&#39;tum</span> 
     </span>
    </p>

    <p class='ocr_par' dir='ltr' id='par_1_7' title="bbox 34 893 1519 1165">
     <span class='ocr_line' id='line_1_12' title="bbox 34 893 1519 964; baseline -0.004 -17"><span class='ocrx_word' id='word_1_70' title='bbox 34 898 94 948; x_wconf 88' lang='lat' dir='ltr'>ab</span> <span class='ocrx_word' id='word_1_71' title='bbox 133 897 319 964; x_wconf 87' lang='lat' dir='ltr'>oppido</span> <span class='ocrx_word' id='word_1_72' title='bbox 344 932 358 954; x_wconf 91' lang='lat'>‚</span> <span class='ocrx_word' id='word_1_73' title='bbox 399 911 431 958; x_wconf 89' lang='lat'>7</span> <span class='ocrx_word' id='word_1_74' title='bbox 458 893 637 943; x_wconf 89' lang='lat' dir='ltr'>eodem</span> <span class='ocrx_word' id='word_1_75' title='bbox 661 910 759 959; x_wconf 87' lang='lat' dir='ltr'>quo</span> <span class='ocrx_word' id='word_1_76' title='bbox 787 893 939 959; x_wconf 87' lang='lat' dir='ltr'>pridie</span> <span class='ocrx_word' id='word_1_77' title='bbox 965 910 1222 960; x_wconf 84' lang='lat' dir='ltr'>eruperant</span> <span class='ocrx_word' id='word_1_78' title='bbox 1240 909 1313 944; x_wconf 87' lang='lat' dir='ltr'>tu·</span> <span class='ocrx_word' id='word_1_79' title='bbox 1444 938 1452 943; x_wconf 84' lang='grc'><strong>,</strong></span> <span class='ocrx_word' id='word_1_80' title='bbox 1515 956 1519 959; x_wconf 14' lang='grc' dir='ltr'>ἱ</span> 
     </span>
     <span class='ocr_line' id='line_1_13' title="bbox 35 961 1517 1031; baseline -0.005 -16"><span class='ocrx_word' id='word_1_81' title='bbox 35 966 187 1016; x_wconf 87' lang='lat' dir='ltr'>multu</span> <span class='ocrx_word' id='word_1_82' title='bbox 201 1003 216 1025; x_wconf 81' lang='lat'>,</span> <span class='ocrx_word' id='word_1_83' title='bbox 233 963 443 1031; x_wconf 89' lang='lat' dir='ltr'>pluribus</span> <span class='ocrx_word' id='word_1_84' title='bbox 457 962 593 1010; x_wconf 69' lang='lat' dir='ltr'>simul</span> <span class='ocrx_word' id='word_1_85' title='bbox 609 961 728 1010; x_wconf 88' lang='lat' dir='ltr'>locis</span> <span class='ocrx_word' id='word_1_86' title='bbox 746 977 1024 1027; x_wconf 86' lang='lat' dir='ltr'>erumpunt.</span> <span class='ocrx_word' id='word_1_87' title='bbox 1044 962 1144 1028; x_wconf 88' lang='lat' dir='ltr'>Ap.</span> <span class='ocrx_word' id='word_1_88' title='bbox 1164 961 1312 1012; x_wconf 86' lang='lat' dir='ltr'>Clau··</span> <span class='ocrx_word' id='word_1_89' title='bbox 1369 969 1517 1011; x_wconf 63' lang='lat' dir='ltr'>Iterum</span> 
     </span>
     <span class='ocr_line' id='line_1_14' title="bbox 37 1030 1515 1100; baseline -0.009 -17"><span class='ocrx_word' id='word_1_90' title='bbox 37 1034 138 1083; x_wconf 84' lang='lat' dir='ltr'>dius</span> <span class='ocrx_word' id='word_1_91' title='bbox 169 1049 342 1100; x_wconf 81' lang='lat' dir='ltr'>agmen</span> <span class='ocrx_word' id='word_1_92' title='bbox 375 1032 581 1097; x_wconf 85' lang='lat' dir='ltr'>cogebat</span> <span class='ocrx_word' id='word_1_93' title='bbox 610 1046 621 1078; x_wconf 74' lang='grc' dir='ltr'><strong>ι</strong></span> <span class='ocrx_word' id='word_1_94' title='bbox 662 1031 742 1097; x_wconf 90' lang='lat' dir='ltr'>qui</span> <span class='ocrx_word' id='word_1_95' title='bbox 773 1030 834 1078; x_wconf 91' lang='lat' dir='ltr'>ad</span> <span class='ocrx_word' id='word_1_96' title='bbox 862 1031 910 1078; x_wconf 91' lang='lat' dir='ltr'>id</span> <span class='ocrx_word' id='word_1_97' title='bbox 941 1031 1072 1097; x_wconf 88' lang='lat' dir='ltr'>quod</span> <span class='ocrx_word' id='word_1_98' title='bbox 1101 1030 1515 1092; x_wconf 46' lang='lat' dir='ltr'>futurumfug-,gantur¹</span> 
     </span>
     <span class='ocr_line' id='line_1_15' title="bbox 37 1098 1318 1165; baseline -0.002 -14"><span class='ocrx_word' id='word_1_99' title='bbox 37 1117 137 1152; x_wconf 89' lang='lat' dir='ltr'>erat</span> <span class='ocrx_word' id='word_1_100' title='bbox 154 1139 169 1162; x_wconf 88' lang='lat'>‚</span> <span class='ocrx_word' id='word_1_101' title='bbox 199 1118 259 1150; x_wconf 89' lang='lat' dir='ltr'>ne</span> <span class='ocrx_word' id='word_1_102' title='bbox 292 1101 600 1165; x_wconf 86' lang='lat' dir='ltr'>inopinatum</span> <span class='ocrx_word' id='word_1_103' title='bbox 619 1098 862 1148; x_wconf 90' lang='lat' dir='ltr'>accideret</span> <span class='ocrx_word' id='word_1_104' title='bbox 882 1136 896 1159; x_wconf 90' lang='lat'>‚</span> <span class='ocrx_word' id='word_1_105' title='bbox 920 1102 1195 1165; x_wconf 83' lang='lat' dir='ltr'>praeparatis</span> <span class='ocrx_word' id='word_1_106' title='bbox 1214 1099 1318 1149; x_wconf 88' lang='lat' dir='ltr'>suo-</span> 
     </span>
    </p>

    <p class='ocr_par' dir='ltr' id='par_1_8' title="bbox 37 1167 1319 1234">
     <span class='ocr_line' id='line_1_16' title="bbox 37 1167 1319 1234; baseline -0.002 -14"><span class='ocrx_word' id='word_1_107' title='bbox 37 1186 144 1220; x_wconf 86' lang='lat' dir='ltr'>rum</span> <span class='ocrx_word' id='word_1_108' title='bbox 165 1171 331 1217; x_wconf 89' lang='lat' dir='ltr'>animis</span> <span class='ocrx_word' id='word_1_109' title='bbox 351 1205 366 1228; x_wconf 88' lang='lat'>‚</span> <span class='ocrx_word' id='word_1_110' title='bbox 398 1167 526 1234; x_wconf 85' lang='lat' dir='ltr'>figna</span> <span class='ocrx_word' id='word_1_111' title='bbox 550 1169 802 1232; x_wconf 86' lang='lat' dir='ltr'>extemplo</span> <span class='ocrx_word' id='word_1_112' title='bbox 834 1170 1107 1228; x_wconf 85' lang='lat' dir='ltr'>convertit,</span> <span class='ocrx_word' id='word_1_113' title='bbox 1139 1181 1319 1217; x_wconf 85' lang='lat' dir='ltr'>torum-</span> 
     </span>
    </p>

    <p class='ocr_par' dir='ltr' id='par_1_9' title="bbox 40 1234 1322 1304">
     <span class='ocr_line' id='line_1_17' title="bbox 40 1234 1322 1304; baseline 0 -17"><span class='ocrx_word' id='word_1_114' title='bbox 40 1254 135 1304; x_wconf 88' lang='lat' dir='ltr'>que</span> <span class='ocrx_word' id='word_1_115' title='bbox 167 1240 214 1286; x_wconf 90' lang='lat' dir='ltr'>in</span> <span class='ocrx_word' id='word_1_116' title='bbox 252 1234 439 1285; x_wconf 86' lang='lat' dir='ltr'>hostem</span> <span class='ocrx_word' id='word_1_117' title='bbox 467 1252 642 1302; x_wconf 80' lang='lat' dir='ltr'>agmen</span> <span class='ocrx_word' id='word_1_118' title='bbox 677 1237 975 1301; x_wconf 81' lang='lat' dir='ltr'>circumegit.</span> <span class='ocrx_word' id='word_1_119' title='bbox 1011 1235 1179 1302; x_wconf 85' lang='lat' dir='ltr'>Itaque</span> <span class='ocrx_word' id='word_1_120' title='bbox 1200 1274 1214 1296; x_wconf 91' lang='lat'>‚</span> <span class='ocrx_word' id='word_1_121' title='bbox 1240 1253 1322 1287; x_wconf 87' lang='lat' dir='ltr'>ve-</span> 
     </span>
    </p>

    <p class='ocr_par' dir='ltr' id='par_1_10' title="bbox 39 1301 1323 1370">
     <span class='ocr_line' id='line_1_18' title="bbox 39 1301 1323 1370; baseline -0.001 -16"><span class='ocrx_word' id='word_1_122' title='bbox 39 1304 112 1355; x_wconf 87' lang='lat' dir='ltr'>lut</span> <span class='ocrx_word' id='word_1_123' title='bbox 136 1305 164 1354; x_wconf 87' lang='lat'>8</span> <span class='ocrx_word' id='word_1_124' title='bbox 185 1305 323 1354; x_wconf 60' lang='lat' dir='ltr'>rectae</span> <span class='ocrx_word' id='word_1_125' title='bbox 343 1306 467 1352; x_wconf 89' lang='lat' dir='ltr'>acies</span> <span class='ocrx_word' id='word_1_126' title='bbox 490 1302 830 1353; x_wconf 83' lang='lat' dir='ltr'>concurriffent</span> <span class='ocrx_word' id='word_1_127' title='bbox 847 1341 861 1362; x_wconf 84' lang='lat'>,</span> <span class='ocrx_word' id='word_1_128' title='bbox 883 1301 1056 1367; x_wconf 72' lang='lat' dir='ltr'>justum</span> <span class='ocrx_word' id='word_1_129' title='bbox 1079 1305 1323 1370; x_wconf 86' lang='lat' dir='ltr'>aliquam-</span> 
     </span>
    </p>

    <p class='ocr_par' dir='ltr' id='par_1_11' title="bbox 44 1370 1323 1439">
     <span class='ocr_line' id='line_1_19' title="bbox 44 1370 1323 1439; baseline 0 -17"><span class='ocrx_word' id='word_1_130' title='bbox 44 1374 127 1422; x_wconf 88' lang='lat' dir='ltr'>diu</span> <span class='ocrx_word' id='word_1_131' title='bbox 163 1374 377 1439; x_wconf 87' lang='lat' dir='ltr'>praelium</span> <span class='ocrx_word' id='word_1_132' title='bbox 415 1371 520 1421; x_wconf 87' lang='lat' dir='ltr'>fuit.</span> <span class='ocrx_word' id='word_1_133' title='bbox 564 1370 791 1420; x_wconf 86' lang='lat' dir='ltr'>Tandem</span> <span class='ocrx_word' id='word_1_134' title='bbox 827 1371 1028 1420; x_wconf 84' lang='lat' dir='ltr'>Nabidis</span> <span class='ocrx_word' id='word_1_135' title='bbox 1063 1373 1238 1421; x_wconf 89' lang='lat' dir='ltr'>milites</span> <span class='ocrx_word' id='word_1_136' title='bbox 1273 1376 1323 1423; x_wconf 89' lang='lat' dir='ltr'>in</span> 
     </span>
    </p>

    <p class='ocr_par' dir='ltr' id='par_1_12' title="bbox 45 1438 1328 1508">
     <span class='ocr_line' id='line_1_20' title="bbox 45 1438 1328 1508; baseline 0 -19"><span class='ocrx_word' id='word_1_137' title='bbox 45 1439 209 1508; x_wconf 78' lang='lat' dir='ltr'>fugam</span> <span class='ocrx_word' id='word_1_138' title='bbox 239 1441 521 1488; x_wconf 84' lang='lat' dir='ltr'>inclinarunt</span> <span class='ocrx_word' id='word_1_139' title='bbox 549 1456 563 1498; x_wconf 82' lang='lat'><em>3</em></span> <span class='ocrx_word' id='word_1_140' title='bbox 596 1457 701 1505; x_wconf 83' lang='lat' dir='ltr'>quae</span> <span class='ocrx_word' id='word_1_141' title='bbox 734 1455 763 1503; x_wconf 91' lang='lat'>9</span> <span class='ocrx_word' id='word_1_142' title='bbox 799 1440 954 1488; x_wconf 72' lang='lat' dir='ltr'>minus</span> <span class='ocrx_word' id='word_1_143' title='bbox 985 1438 1131 1488; x_wconf 86' lang='lat' dir='ltr'>infida</span> <span class='ocrx_word' id='word_1_144' title='bbox 1154 1458 1209 1489; x_wconf 90' lang='lat' dir='ltr'>ac</span> <span class='ocrx_word' id='word_1_145' title='bbox 1228 1456 1328 1490; x_wconf 90' lang='lat' dir='ltr'>tre-</span> 
     </span>
    </p>

    <p class='ocr_par' dir='ltr' id='par_1_13' title="bbox 47 1506 1330 1643">
     <span class='ocr_line' id='line_1_21' title="bbox 47 1506 1328 1576; baseline 0.001 -19"><span class='ocrx_word' id='word_1_146' title='bbox 47 1510 160 1576; x_wconf 89' lang='lat' dir='ltr'>pida</span> <span class='ocrx_word' id='word_1_147' title='bbox 195 1506 352 1557; x_wconf 86' lang='lat' dir='ltr'>fuisset</span> <span class='ocrx_word' id='word_1_148' title='bbox 372 1546 387 1567; x_wconf 82' lang='lat'>‚</span> <span class='ocrx_word' id='word_1_149' title='bbox 428 1510 478 1556; x_wconf 89' lang='lat' dir='ltr'>ni</span> <span class='ocrx_word' id='word_1_150' title='bbox 514 1506 683 1556; x_wconf 81' lang='lat' dir='ltr'>Achaei</span> <span class='ocrx_word' id='word_1_151' title='bbox 706 1508 926 1556; x_wconf 88' lang='lat' dir='ltr'>locorum</span> <span class='ocrx_word' id='word_1_152' title='bbox 958 1509 1220 1574; x_wconf 88' lang='lat' dir='ltr'>prudentes</span> <span class='ocrx_word' id='word_1_153' title='bbox 1244 1511 1328 1558; x_wconf 88' lang='lat' dir='ltr'>in-</span> 
     </span>
     <span class='ocr_line' id='line_1_22' title="bbox 47 1574 1330 1643; baseline 0 -17"><span class='ocrx_word' id='word_1_154' title='bbox 47 1574 288 1635; x_wconf 73' lang='lat' dir='ltr'>stitiffent3</span> <span class='ocrx_word' id='word_1_155' title='bbox 324 1575 372 1623; x_wconf 90' lang='lat' dir='ltr'>hi</span> <span class='ocrx_word' id='word_1_156' title='bbox 408 1575 460 1625; x_wconf 86' lang='lat'>&amp;</span> <span class='ocrx_word' id='word_1_157' title='bbox 499 1576 683 1625; x_wconf 84' lang='lat' dir='ltr'>caedem</span> <span class='ocrx_word' id='word_1_158' title='bbox 730 1577 981 1643; x_wconf 88' lang='lat' dir='ltr'>ingentem</span> <span class='ocrx_word' id='word_1_159' title='bbox 1036 1577 1330 1638; x_wconf 88' lang='lat' dir='ltr'>ediderunt,</span> 
     </span>
    </p>

    <p class='ocr_par' dir='ltr' id='par_1_14' title="bbox 52 1641 1334 1712">
     <span class='ocr_line' id='line_1_23' title="bbox 52 1641 1334 1712; baseline 0 -17"><span class='ocrx_word' id='word_1_160' title='bbox 52 1647 108 1695; x_wconf 88' lang='lat'>&amp;</span> <span class='ocrx_word' id='word_1_161' title='bbox 141 1642 373 1710; x_wconf 86' lang='lat' dir='ltr'>dispersos</span> <span class='ocrx_word' id='word_1_162' title='bbox 403 1641 567 1710; x_wconf 82' lang='lat' dir='ltr'>paffim</span> <span class='ocrx_word' id='word_1_163' title='bbox 601 1643 714 1711; x_wconf 67' lang='lat' dir='ltr'>fuga</span> <span class='ocrx_word' id='word_1_164' title='bbox 735 1644 991 1712; x_wconf 90' lang='lat' dir='ltr'>plerosque</span> <span class='ocrx_word' id='word_1_165' title='bbox 1012 1647 1153 1693; x_wconf 86' lang='lat' dir='ltr'>armis</span> <span class='ocrx_word' id='word_1_166' title='bbox 1184 1662 1334 1695; x_wconf 86' lang='lat' dir='ltr'>exue-</span> 
     </span>
    </p>

    <p class='ocr_par' dir='ltr' id='par_1_15' title="bbox 51 1712 1333 1778">
     <span class='ocr_line' id='line_1_24' title="bbox 51 1712 1333 1778; baseline 0 -16"><span class='ocrx_word' id='word_1_167' title='bbox 51 1727 175 1762; x_wconf 85' lang='lat' dir='ltr'>runt.</span> <span class='ocrx_word' id='word_1_168' title='bbox 219 1712 451 1778; x_wconf 85' lang='lat' dir='ltr'>Quintius</span> <span class='ocrx_word' id='word_1_169' title='bbox 488 1729 644 1778; x_wconf 88' lang='lat' dir='ltr'>prope</span> <span class='ocrx_word' id='word_1_170' title='bbox 681 1712 917 1778; x_wconf 89' lang='lat' dir='ltr'>Amyclas</span> <span class='ocrx_word' id='word_1_171' title='bbox 955 1713 1111 1778; x_wconf 87' lang='lat' dir='ltr'>posuit</span> <span class='ocrx_word' id='word_1_172' title='bbox 1148 1712 1333 1774; x_wconf 88' lang='lat' dir='ltr'>castra;</span> 
     </span>
    </p>

    <p class='ocr_par' dir='ltr' id='par_1_16' title="bbox 51 1780 1335 1848">
     <span class='ocr_line' id='line_1_25' title="bbox 51 1780 1335 1848; baseline 0 -18"><span class='ocrx_word' id='word_1_173' title='bbox 51 1780 196 1842; x_wconf 86' lang='lat' dir='ltr'>inde,</span> <span class='ocrx_word' id='word_1_174' title='bbox 234 1797 381 1848; x_wconf 88' lang='lat' dir='ltr'>quum</span> <span class='ocrx_word' id='word_1_175' title='bbox 430 1781 779 1845; x_wconf 86' lang='lat' dir='ltr'>perpopulatus</span> <span class='ocrx_word' id='word_1_176' title='bbox 828 1782 992 1830; x_wconf 88' lang='lat' dir='ltr'>omnia</span> <span class='ocrx_word' id='word_1_177' title='bbox 1029 1780 1335 1846; x_wconf 60' lang='lat' dir='ltr'>circumjecta</span> 
     </span>
    </p>

    <p class='ocr_par' dir='ltr' id='par_1_17' title="bbox 53 1847 1336 1916">
     <span class='ocr_line' id='line_1_26' title="bbox 53 1847 1336 1916; baseline 0.001 -19"><span class='ocrx_word' id='word_1_178' title='bbox 53 1850 162 1904; x_wconf 86' lang='lat' dir='ltr'>urbi</span> <span class='ocrx_word' id='word_1_179' title='bbox 206 1864 226 1896; x_wconf 91' lang='lat'>1</span> <span class='ocrx_word' id='word_1_180' title='bbox 271 1847 537 1915; x_wconf 86' lang='lat' dir='ltr'>frequentis</span> <span class='ocrx_word' id='word_1_181' title='bbox 569 1848 621 1897; x_wconf 83' lang='lat'>&amp;</span> <span class='ocrx_word' id='word_1_182' title='bbox 665 1850 849 1898; x_wconf 84' lang='lat' dir='ltr'>amoeni</span> <span class='ocrx_word' id='word_1_183' title='bbox 885 1851 985 1916; x_wconf 83' lang='lat' dir='ltr'>agri</span> <span class='ocrx_word' id='word_1_184' title='bbox 1026 1849 1135 1898; x_wconf 91' lang='lat' dir='ltr'>loca</span> <span class='ocrx_word' id='word_1_185' title='bbox 1180 1848 1336 1909; x_wconf 87' lang='lat' dir='ltr'>esset,</span> 
     </span>
    </p>

    <p class='ocr_par' dir='ltr' id='par_1_18' title="bbox 54 1913 1338 1982">
     <span class='ocr_line' id='line_1_27' title="bbox 54 1913 1338 1982; baseline 0.001 -16"><span class='ocrx_word' id='word_1_186' title='bbox 54 1917 191 1967; x_wconf 84' lang='lat' dir='ltr'>nullo</span> <span class='ocrx_word' id='word_1_187' title='bbox 231 1913 329 1980; x_wconf 72' lang='lat' dir='ltr'>jam</span> <span class='ocrx_word' id='word_1_188' title='bbox 380 1915 582 1965; x_wconf 88' lang='lat' dir='ltr'>hostium</span> <span class='ocrx_word' id='word_1_189' title='bbox 619 1932 812 1982; x_wconf 90' lang='lat' dir='ltr'>portam</span> <span class='ocrx_word' id='word_1_190' title='bbox 844 1918 1142 1979; x_wconf 80' lang='lat' dir='ltr'>excedente,</span> <span class='ocrx_word' id='word_1_191' title='bbox 1177 1919 1338 1968; x_wconf 84' lang='lat' dir='ltr'>movit</span> 
     </span>
    </p>

    <p class='ocr_par' dir='ltr' id='par_1_19' title="bbox 57 1983 1341 2052">
     <span class='ocr_line' id='line_1_28' title="bbox 57 1983 1341 2052; baseline 0.001 -19"><span class='ocrx_word' id='word_1_192' title='bbox 57 1984 207 2034; x_wconf 87' lang='lat' dir='ltr'>castra</span> <span class='ocrx_word' id='word_1_193' title='bbox 236 1985 297 2032; x_wconf 89' lang='lat' dir='ltr'>ad</span> <span class='ocrx_word' id='word_1_194' title='bbox 322 1985 504 2033; x_wconf 89' lang='lat' dir='ltr'>flumen</span> <span class='ocrx_word' id='word_1_195' title='bbox 531 1983 803 2048; x_wconf 16' lang='lat' dir='ltr'>*Eurotam3</span> <span class='ocrx_word' id='word_1_196' title='bbox 843 1985 956 2034; x_wconf 87' lang='lat' dir='ltr'>inde</span> <span class='ocrx_word' id='word_1_197' title='bbox 993 1988 1173 2036; x_wconf 88' lang='lat' dir='ltr'>vallem</span> <span class='ocrx_word' id='word_1_198' title='bbox 1200 1985 1341 2052; x_wconf 88' lang='lat' dir='ltr'>Tay-</span> 
     </span>
    </p>
   </div>
   <div class='ocr_carea' id='block_1_3' title="bbox 58 2050 1341 2172">
    <p class='ocr_par' dir='ltr' id='par_1_20' title="bbox 58 2050 1341 2172">
     <span class='ocr_line' id='line_1_29' title="bbox 58 2050 1341 2122; baseline 0.001 -21"><span class='ocrx_word' id='word_1_199' title='bbox 58 2067 175 2122; x_wconf 86' lang='lat' dir='ltr'>geto</span> <span class='ocrx_word' id='word_1_200' title='bbox 207 2050 497 2116; x_wconf 52' lang='lat' dir='ltr'>subjectam,</span> <span class='ocrx_word' id='word_1_201' title='bbox 545 2053 779 2121; x_wconf 89' lang='lat' dir='ltr'>agrosque</span> <span class='ocrx_word' id='word_1_202' title='bbox 816 2054 878 2102; x_wconf 87' lang='lat' dir='ltr'>ad</span> <span class='ocrx_word' id='word_1_203' title='bbox 912 2070 1044 2104; x_wconf 86' lang='lat' dir='ltr'>mare</span> <span class='ocrx_word' id='word_1_204' title='bbox 1084 2055 1341 2122; x_wconf 88' lang='lat' dir='ltr'>pertinen-</span> 
     </span>
     <span class='ocr_line' id='line_1_30' title="bbox 61 2119 368 2172; baseline -0.01 0"><span class='ocrx_word' id='word_1_205' title='bbox 61 2137 136 2172; x_wconf 83' lang='lat' dir='ltr'>tes</span> <span class='ocrx_word' id='word_1_206' title='bbox 172 2119 368 2169; x_wconf 85' lang='lat' dir='ltr'>evastat.</span> 
     </span>
    </p>
   </div>
   <div class='ocr_carea' id='block_1_4' title="bbox 62 2187 1345 2327">
    <p class='ocr_par' dir='ltr' id='par_1_21' title="bbox 62 2187 1345 2327">
     <span class='ocr_line' id='line_1_31' title="bbox 129 2187 1342 2256; baseline 0.003 -20"><span class='ocrx_word' id='word_1_207' title='bbox 129 2187 317 2237; x_wconf 82' lang='lat' dir='ltr'><strong>XXIX.</strong></span> <span class='ocrx_word' id='word_1_208' title='bbox 354 2187 545 2237; x_wconf 89' lang='lat' dir='ltr'>Eodem</span> <span class='ocrx_word' id='word_1_209' title='bbox 580 2187 682 2239; x_wconf 72' lang='lat' dir='ltr'>fere</span> <span class='ocrx_word' id='word_1_210' title='bbox 719 2203 976 2255; x_wconf 85' lang='lat' dir='ltr'>tempore,</span> <span class='ocrx_word' id='word_1_211' title='bbox 1014 2190 1071 2239; x_wconf 91' lang='lat' dir='ltr'>L.</span> <span class='ocrx_word' id='word_1_212' title='bbox 1109 2190 1342 2256; x_wconf 85' lang='lat' dir='ltr'>Quintius</span> 
     </span>
     <span class='ocr_line' id='line_1_32' title="bbox 62 2257 1345 2327; baseline 0.001 -20"><span class='ocrx_word' id='word_1_213' title='bbox 62 2259 314 2307; x_wconf 81' lang='lat' dir='ltr'>maritimae</span> <span class='ocrx_word' id='word_1_214' title='bbox 346 2275 444 2307; x_wconf 86' lang='lat' dir='ltr'>orae</span> <span class='ocrx_word' id='word_1_215' title='bbox 467 2257 682 2323; x_wconf 79' lang='lat' dir='ltr'>oppida,</span> <span class='ocrx_word' id='word_1_216' title='bbox 716 2260 891 2326; x_wconf 87' lang='lat' dir='ltr'>partim</span> <span class='ocrx_word' id='word_1_217' title='bbox 922 2259 1175 2310; x_wconf 85' lang='lat' dir='ltr'>voluntate</span> <span class='ocrx_word' id='word_1_218' title='bbox 1194 2298 1209 2321; x_wconf 88' lang='lat'>,</span> <span class='ocrx_word' id='word_1_219' title='bbox 1235 2277 1345 2327; x_wconf 88' lang='lat' dir='ltr'>par-</span> 
     </span>
    </p>
   </div>
   <div class='ocr_carea' id='block_1_5' title="bbox 65 2368 1349 2611">
    <p class='ocr_par' dir='ltr' id='par_1_22' title="bbox 65 2368 1349 2611">
     <span class='ocr_line' id='line_1_33' title="bbox 128 2368 1345 2428; baseline -0.001 -17"><span class='ocrx_word' id='word_1_220' title='bbox 128 2383 156 2422; x_wconf 93' lang='lat'><strong>7</strong></span> <span class='ocrx_word' id='word_1_221' title='bbox 178 2370 329 2411; x_wconf 84' lang='lat' dir='ltr'>Eodem</span> <span class='ocrx_word' id='word_1_222' title='bbox 350 2384 422 2425; x_wconf 86' lang='lat' dir='ltr'>quo</span> <span class='ocrx_word' id='word_1_223' title='bbox 439 2368 569 2425; x_wconf 79' lang='lat' dir='ltr'>pridie</span> <span class='ocrx_word' id='word_1_224' title='bbox 589 2384 676 2410; x_wconf 82' lang='lat' dir='ltr'>eru·</span> <span class='ocrx_word' id='word_1_225' title='bbox 800 2383 826 2425; x_wconf 88' lang='lat'><em>9</em></span> <span class='ocrx_word' id='word_1_226' title='bbox 848 2371 986 2412; x_wconf 67' lang='lat' dir='ltr'>Minus</span> <span class='ocrx_word' id='word_1_227' title='bbox 1005 2371 1176 2428; x_wconf 48' lang='lat' dir='ltr'>infida]</span> <span class='ocrx_word' id='word_1_228' title='bbox 1196 2371 1345 2423; x_wconf 85' lang='lat' dir='ltr'>Suspe-</span> 
     </span>
     <span class='ocr_line' id='line_1_34' title="bbox 65 2432 1347 2490; baseline 0.002 -19"><span class='ocrx_word' id='word_1_229' title='bbox 65 2443 209 2487; x_wconf 72' lang='lat' dir='ltr'>perant</span> <span class='ocrx_word' id='word_1_230' title='bbox 248 2433 412 2471; x_wconf 77' lang='lat' dir='ltr'>tumultu</span> <span class='ocrx_word' id='word_1_231' title='bbox 432 2460 443 2471; x_wconf 92' lang='lat'><strong>.</strong></span> <span class='ocrx_word' id='word_1_232' title='bbox 463 2461 474 2471; x_wconf 88' lang='lat'><strong><em>.</em></strong></span> <span class='ocrx_word' id='word_1_233' title='bbox 496 2461 507 2471; x_wconf 88' lang='lat'><strong>.</strong></span> <span class='ocrx_word' id='word_1_234' title='bbox 529 2470 533 2473; x_wconf 13' lang='lat' dir='ltr'>r</span> <span class='ocrx_word' id='word_1_235' title='bbox 553 2445 677 2472; x_wconf 86' lang='lat' dir='ltr'>erum·</span> <span class='ocrx_word' id='word_1_236' title='bbox 738 2433 798 2474; x_wconf 67' lang='lat' dir='ltr'>fla</span> <span class='ocrx_word' id='word_1_237' title='bbox 829 2433 883 2474; x_wconf 87' lang='lat' dir='ltr'>est</span> <span class='ocrx_word' id='word_1_238' title='bbox 916 2448 996 2474; x_wconf 87' lang='lat' dir='ltr'>vox</span> <span class='ocrx_word' id='word_1_239' title='bbox 1028 2434 1151 2490; x_wconf 83' lang='lat' dir='ltr'>infida</span> <span class='ocrx_word' id='word_1_240' title='bbox 1177 2446 1190 2472; x_wconf 92' lang='lat'>.·</span> <span class='ocrx_word' id='word_1_241' title='bbox 1221 2432 1347 2488; x_wconf 82' lang='lat' dir='ltr'>magis</span> 
     </span>
     <span class='ocr_line' id='line_1_35' title="bbox 68 2491 1078 2551; baseline 0.003 -19"><span class='ocrx_word' id='word_1_242' title='bbox 68 2505 184 2550; x_wconf 83' lang='lat' dir='ltr'>punt.</span> <span class='ocrx_word' id='word_1_243' title='bbox 202 2491 220 2543; x_wconf 94' lang='lat'><strong>]</strong></span> <span class='ocrx_word' id='word_1_244' title='bbox 255 2493 430 2534; x_wconf 86' lang='lat' dir='ltr'>Videtur</span> <span class='ocrx_word' id='word_1_245' title='bbox 478 2491 678 2534; x_wconf 70' lang='lat' dir='ltr'>insititiam</span> <span class='ocrx_word' id='word_1_246' title='bbox 739 2497 921 2551; x_wconf 85' lang='lat' dir='ltr'>placeret</span> <span class='ocrx_word' id='word_1_247' title='bbox 941 2492 1078 2548; x_wconf 68' lang='lat' dir='ltr'>effizsa.</span> 
     </span>
     <span class='ocr_line' id='line_1_36' title="bbox 75 2551 1349 2611; baseline -0.003 -12"><span class='ocrx_word' id='word_1_248' title='bbox 75 2557 154 2599; x_wconf 85' lang='lat' dir='ltr'>effe</span> <span class='ocrx_word' id='word_1_249' title='bbox 176 2551 223 2599; x_wconf 62' lang='lat' dir='ltr'>vl,</span> <span class='ocrx_word' id='word_1_250' title='bbox 246 2569 466 2611; x_wconf 82' lang='lat' dir='ltr'>eruperant.</span> <span class='ocrx_word' id='word_1_251' title='bbox 813 2569 828 2596; x_wconf 92' lang='lat'>1</span> <span class='ocrx_word' id='word_1_252' title='bbox 853 2555 1124 2611; x_wconf 55' lang='lat' dir='ltr'>&amp;equ-entis]</span> <span class='ocrx_word' id='word_1_253' title='bbox 1143 2553 1256 2597; x_wconf 87' lang='lat' dir='ltr'>Vicis</span> <span class='ocrx_word' id='word_1_254' title='bbox 1271 2554 1349 2595; x_wconf 75' lang='lat' dir='ltr'>,ho-</span> 
     </span>
    </p>
   </div>
   <div class='ocr_carea' id='block_1_6' title="bbox 82 2615 1288 2735">
    <p class='ocr_par' dir='ltr' id='par_1_23' title="bbox 82 2615 1288 2735">
     <span class='ocr_line' id='line_1_37' title="bbox 142 2615 1288 2672; baseline -0.002 -14"><span class='ocrx_word' id='word_1_255' title='bbox 142 2619 165 2658; x_wconf 84' lang='lat'>8</span> <span class='ocrx_word' id='word_1_256' title='bbox 198 2617 336 2659; x_wconf 67' lang='lat' dir='ltr'>Reezae.</span> <span class='ocrx_word' id='word_1_257' title='bbox 359 2617 518 2667; x_wconf 66' lang='lat' dir='ltr'>]Re&amp;?1</span> <span class='ocrx_word' id='word_1_258' title='bbox 545 2619 682 2662; x_wconf 86' lang='lat' dir='ltr'>fronte</span> <span class='ocrx_word' id='word_1_259' title='bbox 744 2617 993 2672; x_wconf 85' lang='lat' dir='ltr'>minibusque</span> <span class='ocrx_word' id='word_1_260' title='bbox 1027 2615 1288 2670; x_wconf 86' lang='lat' dir='ltr'>frequentati.</span> 
     </span>
     <span class='ocr_line' id='line_1_38' title="bbox 82 2677 563 2735; baseline 0 -13"><span class='ocrx_word' id='word_1_261' title='bbox 82 2677 151 2723; x_wconf 80' lang='lat' dir='ltr'>fibi</span> <span class='ocrx_word' id='word_1_262' title='bbox 170 2680 343 2722; x_wconf 85' lang='lat' dir='ltr'>invicem</span> <span class='ocrx_word' id='word_1_263' title='bbox 359 2678 563 2735; x_wconf 70' lang='lat' dir='ltr'>oppositx.</span> 
     </span>
    </p>
   </div>
   <div class='ocr_carea' id='block_1_7' title="bbox 934 2733 1083 2802">
    <p class='ocr_par' dir='ltr' id='par_1_24' title="bbox 934 2733 1083 2802">
     <span class='ocr_line' id='line_1_39' title="bbox 934 2733 1083 2802; baseline -0.02 -17"><span class='ocrx_word' id='word_1_264' title='bbox 934 2744 936 2747; x_wconf 85' lang='lat'>&#39;</span> <span class='ocrx_word' id='word_1_265' title='bbox 995 2733 1083 2802; x_wconf 82' lang='lat' dir='ltr'>Lij</span> 
     </span>
    </p>
   </div>
  </div>
 </body>
</html>
