<?xml version="1.0" encoding="UTF-8"?>
<!DOCTYPE html PUBLIC "-//W3C//DTD XHTML 1.0 Transitional//EN"
    "http://www.w3.org/TR/xhtml1/DTD/xhtml1-transitional.dtd">
<html xmlns="http://www.w3.org/1999/xhtml" xml:lang="en" lang="en">
 <head>
  <title>
</title>
<meta http-equiv="Content-Type" content="text/html;charset=utf-8" />
  <meta name='ocr-system' content='tesseract 3.04.00' />
  <meta name='ocr-capabilities' content='ocr_page ocr_carea ocr_par ocr_line ocrx_word'/>
</head>
<body>
  <div class='ocr_page' id='page_1' title='image "./tliviipatavinihi0301livy_0395.png"; bbox 0 0 1680 3052; ppageno 0'>
   <div class='ocr_carea' id='block_1_1' title="bbox 33 105 1616 2697">
    <p class='ocr_par' dir='ltr' id='par_1_1' title="bbox 230 105 1343 184">
     <span class='ocr_line' id='line_1_1' title="bbox 230 105 1343 184; baseline 0 -19"><span class='ocrx_word' id='word_1_1' title='bbox 230 109 491 165; x_wconf 78' lang='lat' dir='ltr'>-L113</span> <span class='ocrx_word' id='word_1_2' title='bbox 538 124 656 164; x_wconf 80' lang='lat' dir='ltr'>ER</span> <span class='ocrx_word' id='word_1_3' title='bbox 737 105 1101 166; x_wconf 85' lang='lat' dir='ltr'>XXXVI.</span> <span class='ocrx_word' id='word_1_4' title='bbox 1235 127 1343 184; x_wconf 80' lang='lat'>391</span> 
     </span>
    </p>

    <p class='ocr_par' dir='ltr' id='par_1_2' title="bbox 33 184 1616 390">
     <span class='ocr_line' id='line_1_2' title="bbox 33 184 1556 256; baseline 0.003 -22"><span class='ocrx_word' id='word_1_5' title='bbox 33 200 38 206; x_wconf 85' lang='lat'>·</span> <span class='ocrx_word' id='word_1_6' title='bbox 79 184 256 248; x_wconf 81' lang='lat' dir='ltr'>tionis,</span> <span class='ocrx_word' id='word_1_7' title='bbox 287 205 392 255; x_wconf 87' lang='lat' dir='ltr'>quae</span> <span class='ocrx_word' id='word_1_8' title='bbox 443 188 498 238; x_wconf 86' lang='lat'>&amp;.</span> <span class='ocrx_word' id='word_1_9' title='bbox 548 188 674 254; x_wconf 90' lang='lat' dir='ltr'>ipsos</span> <span class='ocrx_word' id='word_1_10' title='bbox 706 185 964 247; x_wconf 84' lang='lat' dir='ltr'>affecerat,</span> <span class='ocrx_word' id='word_1_11' title='bbox 1006 189 1086 236; x_wconf 88' lang='lat' dir='ltr'>ubi</span> <span class='ocrx_word' id='word_1_12' title='bbox 1118 187 1352 238; x_wconf 81' lang='lat' dir='ltr'>Romanis</span> <span class='ocrx_word' id='word_1_13' title='bbox 1367 204 1556 256; x_wconf 43' lang='lat'>3055„</span> 
     </span>
     <span class='ocr_line' id='line_1_3' title="bbox 78 252 1616 323; baseline 0.001 -23"><span class='ocrx_word' id='word_1_14' title='bbox 78 252 242 303; x_wconf 87' lang='lat' dir='ltr'>datum</span> <span class='ocrx_word' id='word_1_15' title='bbox 276 257 491 322; x_wconf 89' lang='lat' dir='ltr'>receptui</span> <span class='ocrx_word' id='word_1_16' title='bbox 526 254 711 323; x_wconf 87' lang='lat' dir='ltr'>fignum</span> <span class='ocrx_word' id='word_1_17' title='bbox 744 253 894 314; x_wconf 87' lang='lat' dir='ltr'>esset,</span> <span class='ocrx_word' id='word_1_18' title='bbox 921 256 1055 304; x_wconf 86' lang='lat' dir='ltr'>velut</span> <span class='ocrx_word' id='word_1_19' title='bbox 1102 256 1187 321; x_wconf 78' lang='lat' dir='ltr'>ipsi</span> <span class='ocrx_word' id='word_1_20' title='bbox 1227 275 1350 322; x_wconf 88' lang='lat' dir='ltr'>quo·</span> <span class='ocrx_word' id='word_1_21' title='bbox 1366 263 1551 312; x_wconf 54' lang='lat' dir='ltr'>aslum.</span> <span class='ocrx_word' id='word_1_22' title='bbox 1611 262 1616 265; x_wconf 85' lang='grc'><strong>“</strong></span> 
     </span>
     <span class='ocr_line' id='line_1_4' title="bbox 77 321 1356 390; baseline 0.004 -22"><span class='ocrx_word' id='word_1_23' title='bbox 77 337 169 386; x_wconf 90' lang='lat' dir='ltr'>que</span> <span class='ocrx_word' id='word_1_24' title='bbox 203 324 294 372; x_wconf 90' lang='lat' dir='ltr'>hoc</span> <span class='ocrx_word' id='word_1_25' title='bbox 323 326 569 384; x_wconf 85' lang='lat' dir='ltr'>revocati,</span> <span class='ocrx_word' id='word_1_26' title='bbox 606 341 697 389; x_wconf 88' lang='lat' dir='ltr'>pro</span> <span class='ocrx_word' id='word_1_27' title='bbox 740 323 787 372; x_wconf 90' lang='lat' dir='ltr'>se</span> <span class='ocrx_word' id='word_1_28' title='bbox 823 321 1018 390; x_wconf 87' lang='lat' dir='ltr'>quisque</span> <span class='ocrx_word' id='word_1_29' title='bbox 1050 340 1109 370; x_wconf 89' lang='lat' dir='ltr'>ex</span> <span class='ocrx_word' id='word_1_30' title='bbox 1144 323 1356 373; x_wconf 85' lang='lat' dir='ltr'>stationi-</span> 
     </span>
    </p>

    <p class='ocr_par' dir='ltr' id='par_1_3' title="bbox 77 387 1352 526">
     <span class='ocr_line' id='line_1_5' title="bbox 77 387 1352 455; baseline 0.002 -17"><span class='ocrx_word' id='word_1_31' title='bbox 77 387 164 436; x_wconf 84' lang='lat' dir='ltr'>bus</span> <span class='ocrx_word' id='word_1_32' title='bbox 205 391 508 455; x_wconf 80' lang='lat' dir='ltr'>decedebant</span> <span class='ocrx_word' id='word_1_33' title='bbox 532 410 542 440; x_wconf 93' lang='lat'>:</span> <span class='ocrx_word' id='word_1_34' title='bbox 565 410 656 440; x_wconf 87' lang='lat' dir='ltr'>nec</span> <span class='ocrx_word' id='word_1_35' title='bbox 685 406 795 440; x_wconf 82' lang='lat' dir='ltr'>ante</span> <span class='ocrx_word' id='word_1_36' title='bbox 825 392 1019 440; x_wconf 85' lang='lat' dir='ltr'>tertiam</span> <span class='ocrx_word' id='word_1_37' title='bbox 1049 391 1143 439; x_wconf 89' lang='lat' dir='ltr'>diei</span> <span class='ocrx_word' id='word_1_38' title='bbox 1180 392 1352 440; x_wconf 83' lang='lat' dir='ltr'>horam</span> 
     </span>
     <span class='ocr_line' id='line_1_6' title="bbox 77 460 896 526; baseline 0.005 -24"><span class='ocrx_word' id='word_1_39' title='bbox 77 460 243 506; x_wconf 83' lang='lat' dir='ltr'>armati</span> <span class='ocrx_word' id='word_1_40' title='bbox 275 461 324 508; x_wconf 89' lang='lat' dir='ltr'>in</span> <span class='ocrx_word' id='word_1_41' title='bbox 356 461 502 508; x_wconf 90' lang='lat' dir='ltr'>muris</span> <span class='ocrx_word' id='word_1_42' title='bbox 541 460 853 526; x_wconf 87' lang='lat' dir='ltr'>apparebant.</span> <span class='ocrx_word' id='word_1_43' title='bbox 893 474 896 478; x_wconf 90' lang='lat'>·</span> 
     </span>
    </p>

    <p class='ocr_par' dir='ltr' id='par_1_4' title="bbox 48 523 1540 1952">
     <span class='ocr_line' id='line_1_7' title="bbox 143 523 1354 592; baseline 0.002 -20"><span class='ocrx_word' id='word_1_44' title='bbox 143 523 334 575; x_wconf 86' lang='lat' dir='ltr'>XXIV.</span> <span class='ocrx_word' id='word_1_45' title='bbox 369 526 550 576; x_wconf 90' lang='lat' dir='ltr'>Consul</span> <span class='ocrx_word' id='word_1_46' title='bbox 581 544 729 592; x_wconf 89' lang='lat' dir='ltr'>quum</span> <span class='ocrx_word' id='word_1_47' title='bbox 759 526 902 576; x_wconf 63' lang='lat' dir='ltr'>noffle</span> <span class='ocrx_word' id='word_1_48' title='bbox 940 524 1103 575; x_wconf 63' lang='lat' dir='ltr'>media</span> <span class='ocrx_word' id='word_1_49' title='bbox 1135 527 1354 575; x_wconf 86' lang='lat' dir='ltr'>intermi-</span> 
     </span>
     <span class='ocr_line' id='line_1_8' title="bbox 71 587 1350 661; baseline 0.003 -23"><span class='ocrx_word' id='word_1_50' title='bbox 71 587 191 641; x_wconf 74' lang='lat' dir='ltr'>fiss&#39;et</span> <span class='ocrx_word' id='word_1_51' title='bbox 226 597 679 661; x_wconf 82' lang='lat' dir='ltr'>oppugnationem,</span> <span class='ocrx_word' id='word_1_52' title='bbox 709 595 875 661; x_wconf 69' lang='lat' dir='ltr'>quarta</span> <span class='ocrx_word' id='word_1_53' title='bbox 911 595 1078 661; x_wconf 63' lang='lat' dir='ltr'>vigilia</span> <span class='ocrx_word' id='word_1_54' title='bbox 1110 593 1350 658; x_wconf 83' lang='lat' dir='ltr'>rursusab</span> 
     </span>
     <span class='ocr_line' id='line_1_9' title="bbox 70 659 1350 730; baseline 0.005 -25"><span class='ocrx_word' id='word_1_55' title='bbox 70 660 217 709; x_wconf 83' lang='lat' dir='ltr'>tribus</span> <span class='ocrx_word' id='word_1_56' title='bbox 252 664 466 729; x_wconf 87' lang='lat' dir='ltr'>partibus</span> <span class='ocrx_word' id='word_1_57' title='bbox 497 662 681 711; x_wconf 66' lang='lat' dir='ltr'>summa</span> <span class='ocrx_word' id='word_1_58' title='bbox 701 665 750 711; x_wconf 87' lang='lat' dir='ltr'>vi</span> <span class='ocrx_word' id='word_1_59' title='bbox 776 661 1015 730; x_wconf 82' lang='lat' dir='ltr'>aggressus</span> <span class='ocrx_word' id='word_1_60' title='bbox 1036 700 1052 720; x_wconf 89' lang='lat'><em>,</em></span> <span class='ocrx_word' id='word_1_61' title='bbox 1076 663 1134 709; x_wconf 86' lang='lat' dir='ltr'>ab</span> <span class='ocrx_word' id='word_1_62' title='bbox 1155 680 1248 710; x_wconf 87' lang='lat' dir='ltr'>una</span> <span class='ocrx_word' id='word_1_63' title='bbox 1266 659 1350 711; x_wconf 80' lang='lat' dir='ltr'>Ti.</span> 
     </span>
     <span class='ocr_line' id='line_1_10' title="bbox 48 724 1350 796; baseline 0.004 -21"><span class='ocrx_word' id='word_1_64' title='bbox 48 724 411 794; x_wconf 86' lang='lat' dir='ltr'>&#39;Sempronium</span> <span class='ocrx_word' id='word_1_65' title='bbox 441 746 607 781; x_wconf 90' lang='lat' dir='ltr'>tenere</span> <span class='ocrx_word' id='word_1_66' title='bbox 636 733 848 780; x_wconf 90' lang='lat' dir='ltr'>intentos</span> <span class='ocrx_word' id='word_1_67' title='bbox 869 731 1044 779; x_wconf 83' lang='lat' dir='ltr'>milites</span> <span class='ocrx_word' id='word_1_68' title='bbox 1066 729 1350 796; x_wconf 77' lang='lat' dir='ltr'>signumque</span> 
     </span>
     <span class='ocr_line' id='line_1_11' title="bbox 71 794 1350 862; baseline 0.003 -20"><span class='ocrx_word' id='word_1_69' title='bbox 71 794 398 862; x_wconf 60' lang='lat' dir='ltr'>exspeciantes</span> <span class='ocrx_word' id='word_1_70' title='bbox 432 797 556 862; x_wconf 77' lang='lat' dir='ltr'>jussit</span> <span class='ocrx_word' id='word_1_71' title='bbox 577 836 592 858; x_wconf 90' lang='lat'>‚</span> <span class='ocrx_word' id='word_1_72' title='bbox 627 799 688 847; x_wconf 88' lang='lat' dir='ltr'>ad</span> <span class='ocrx_word' id='word_1_73' title='bbox 708 815 764 847; x_wconf 88' lang='lat' dir='ltr'>ea</span> <span class='ocrx_word' id='word_1_74' title='bbox 784 837 798 859; x_wconf 89' lang='lat'>,</span> <span class='ocrx_word' id='word_1_75' title='bbox 827 800 875 846; x_wconf 91' lang='lat' dir='ltr'>in</span> <span class='ocrx_word' id='word_1_76' title='bbox 907 797 1141 847; x_wconf 68' lang='lat' dir='ltr'>noc‘turno</span> <span class='ocrx_word' id='word_1_77' title='bbox 1171 799 1350 846; x_wconf 85' lang='lat' dir='ltr'>tumul·</span> 
     </span>
     <span class='ocr_line' id='line_1_12' title="bbox 68 866 1348 926; baseline 0.003 -16"><span class='ocrx_word' id='word_1_78' title='bbox 68 875 120 911; x_wconf 88' lang='lat' dir='ltr'>tu</span> <span class='ocrx_word' id='word_1_79' title='bbox 136 900 151 922; x_wconf 90' lang='lat'><strong>‚</strong></span> <span class='ocrx_word' id='word_1_80' title='bbox 178 866 306 915; x_wconf 90' lang='lat' dir='ltr'>unde</span> <span class='ocrx_word' id='word_1_81' title='bbox 329 868 512 915; x_wconf 87' lang='lat' dir='ltr'>clamor</span> <span class='ocrx_word' id='word_1_82' title='bbox 532 867 836 915; x_wconf 84' lang='lat' dir='ltr'>exaudiretur</span> <span class='ocrx_word' id='word_1_83' title='bbox 852 904 866 926; x_wconf 84' lang='lat'>‚</span> <span class='ocrx_word' id='word_1_84' title='bbox 899 866 1024 914; x_wconf 85' lang='lat' dir='ltr'>haud</span> <span class='ocrx_word' id='word_1_85' title='bbox 1060 866 1202 913; x_wconf 72' lang='lat' dir='ltr'>dubie</span> <span class='ocrx_word' id='word_1_86' title='bbox 1223 882 1348 914; x_wconf 88' lang='lat' dir='ltr'>ratus</span> 
     </span>
     <span class='ocr_line' id='line_1_13' title="bbox 69 930 1348 1000; baseline 0.003 -22"><span class='ocrx_word' id='word_1_87' title='bbox 69 930 228 982; x_wconf 89' lang='lat' dir='ltr'>hostes</span> <span class='ocrx_word' id='word_1_88' title='bbox 268 934 597 983; x_wconf 89' lang='lat' dir='ltr'>concursuros.</span> <span class='ocrx_word' id='word_1_89' title='bbox 623 934 770 983; x_wconf 81' lang='lat' dir='ltr'>AEt01i</span> <span class='ocrx_word' id='word_1_90' title='bbox 792 951 900 1000; x_wconf 89' lang='lat' dir='ltr'>pars</span> <span class='ocrx_word' id='word_1_91' title='bbox 928 933 1068 1000; x_wconf 88' lang='lat' dir='ltr'>sopiti</span> <span class='ocrx_word' id='word_1_92' title='bbox 1096 932 1259 982; x_wconf 59' lang='lat' dir='ltr'>affefla</span> <span class='ocrx_word' id='word_1_93' title='bbox 1279 934 1348 982; x_wconf 85' lang='lat' dir='ltr'>la-</span> 
     </span>
     <span class='ocr_line' id='line_1_14' title="bbox 67 997 1420 1070; baseline 0.004 -25"><span class='ocrx_word' id='word_1_94' title='bbox 67 997 187 1049; x_wconf 89' lang='lat' dir='ltr'>bore</span> <span class='ocrx_word' id='word_1_95' title='bbox 219 1020 273 1050; x_wconf 84' lang='lat' dir='ltr'>ac</span> <span class='ocrx_word' id='word_1_96' title='bbox 307 1003 478 1070; x_wconf 85' lang='lat' dir='ltr'>vigiliis</span> <span class='ocrx_word' id='word_1_97' title='bbox 518 1020 722 1067; x_wconf 86' lang='lat' dir='ltr'>corpora</span> <span class='ocrx_word' id='word_1_98' title='bbox 763 1019 823 1050; x_wconf 85' lang='lat' dir='ltr'>ex</span> <span class='ocrx_word' id='word_1_99' title='bbox 853 1000 1026 1050; x_wconf 87' lang='lat' dir='ltr'>somno</span> <span class='ocrx_word' id='word_1_100' title='bbox 1064 1002 1346 1050; x_wconf 84' lang='lat' dir='ltr'>molieban-</span> <span class='ocrx_word' id='word_1_101' title='bbox 1414 1002 1420 1005; x_wconf 70' lang='grc'><em>’</em></span> 
     </span>
     <span class='ocr_line' id='line_1_15' title="bbox 67 1067 1347 1137; baseline 0.003 -23"><span class='ocrx_word' id='word_1_102' title='bbox 67 1080 141 1115; x_wconf 89' lang='lat' dir='ltr'>tur</span> <span class='ocrx_word' id='word_1_103' title='bbox 176 1085 186 1115; x_wconf 78' lang='lat' dir='ltr'><strong><em>z</em></strong></span> <span class='ocrx_word' id='word_1_104' title='bbox 228 1088 336 1135; x_wconf 87' lang='lat' dir='ltr'>pars</span> <span class='ocrx_word' id='word_1_105' title='bbox 376 1070 627 1137; x_wconf 84' lang='lat' dir='ltr'>vigilantes</span> <span class='ocrx_word' id='word_1_106' title='bbox 671 1069 825 1118; x_wconf 88' lang='lat' dir='ltr'>adhuc</span> <span class='ocrx_word' id='word_1_107' title='bbox 873 1070 933 1117; x_wconf 86' lang='lat' dir='ltr'>ad</span> <span class='ocrx_word' id='word_1_108' title='bbox 978 1067 1227 1134; x_wconf 84' lang='lat' dir='ltr'>strepitum</span> <span class='ocrx_word' id='word_1_109' title='bbox 1256 1088 1347 1134; x_wconf 89' lang='lat' dir='ltr'>pu·</span> 
     </span>
     <span class='ocr_line' id='line_1_16' title="bbox 64 1136 1345 1202; baseline 0.003 -20"><span class='ocrx_word' id='word_1_110' title='bbox 64 1140 312 1201; x_wconf 80' lang='lat' dir='ltr'>gnantium</span> <span class='ocrx_word' id='word_1_111' title='bbox 358 1142 406 1187; x_wconf 88' lang='lat' dir='ltr'>iu</span> <span class='ocrx_word' id='word_1_112' title='bbox 449 1139 660 1187; x_wconf 86' lang='lat' dir='ltr'>tenebris</span> <span class='ocrx_word' id='word_1_113' title='bbox 705 1152 913 1186; x_wconf 84' lang='lat' dir='ltr'>currunt.</span> <span class='ocrx_word' id='word_1_114' title='bbox 951 1136 1129 1186; x_wconf 80' lang='lat' dir='ltr'>Hostes</span> <span class='ocrx_word' id='word_1_115' title='bbox 1171 1140 1345 1202; x_wconf 86' lang='lat' dir='ltr'>partim</span> 
     </span>
     <span class='ocr_line' id='line_1_17' title="bbox 66 1203 1346 1271; baseline 0.003 -21"><span class='ocrx_word' id='word_1_116' title='bbox 66 1219 153 1268; x_wconf 89' lang='lat' dir='ltr'>per</span> <span class='ocrx_word' id='word_1_117' title='bbox 188 1209 344 1254; x_wconf 82' lang='lat' dir='ltr'>ruinas</span> <span class='ocrx_word' id='word_1_118' title='bbox 384 1205 583 1271; x_wconf 77' lang='lat' dir='ltr'>jacentis</span> <span class='ocrx_word' id='word_1_119' title='bbox 618 1206 739 1253; x_wconf 89' lang='lat' dir='ltr'>muri</span> <span class='ocrx_word' id='word_1_120' title='bbox 778 1203 1130 1254; x_wconf 80' lang='lat' dir='ltr'>transscendere</span> <span class='ocrx_word' id='word_1_121' title='bbox 1157 1223 1346 1254; x_wconf 83' lang='lat' dir='ltr'>conan-</span> 
     </span>
     <span class='ocr_line' id='line_1_18' title="bbox 65 1272 1345 1340; baseline 0.004 -23"><span class='ocrx_word' id='word_1_122' title='bbox 65 1284 142 1318; x_wconf 86' lang='lat' dir='ltr'>tur</span> <span class='ocrx_word' id='word_1_123' title='bbox 175 1289 184 1319; x_wconf 92' lang='lat'>:</span> <span class='ocrx_word' id='word_1_124' title='bbox 225 1275 400 1340; x_wconf 79' lang='lat' dir='ltr'>partim</span> <span class='ocrx_word' id='word_1_125' title='bbox 439 1273 567 1322; x_wconf 85' lang='lat' dir='ltr'>scalis</span> <span class='ocrx_word' id='word_1_126' title='bbox 607 1272 821 1321; x_wconf 83' lang='lat' dir='ltr'>ascensus</span> <span class='ocrx_word' id='word_1_127' title='bbox 854 1288 1070 1331; x_wconf 80' lang='lat' dir='ltr'>tentant3</span> <span class='ocrx_word' id='word_1_128' title='bbox 1112 1273 1345 1323; x_wconf 73' lang='lat' dir='ltr'>adversus</span> 
     </span>
     <span class='ocr_line' id='line_1_19' title="bbox 68 1340 1344 1409; baseline 0.004 -24"><span class='ocrx_word' id='word_1_129' title='bbox 68 1356 190 1403; x_wconf 85' lang='lat' dir='ltr'>quos</span> <span class='ocrx_word' id='word_1_130' title='bbox 234 1341 445 1409; x_wconf 87' lang='lat' dir='ltr'>undique</span> <span class='ocrx_word' id='word_1_131' title='bbox 503 1341 563 1390; x_wconf 86' lang='lat' dir='ltr'>ad</span> <span class='ocrx_word' id='word_1_132' title='bbox 617 1358 765 1407; x_wconf 85' lang='lat' dir='ltr'>opem</span> <span class='ocrx_word' id='word_1_133' title='bbox 800 1340 1047 1389; x_wconf 84' lang='lat' dir='ltr'>ferendam</span> <span class='ocrx_word' id='word_1_134' title='bbox 1087 1356 1344 1390; x_wconf 87' lang='lat' dir='ltr'>occurrunt</span> 
     </span>
     <span class='ocr_line' id='line_1_20' title="bbox 65 1405 1342 1474; baseline 0.002 -21"><span class='ocrx_word' id='word_1_135' title='bbox 65 1405 235 1458; x_wconf 84' lang='lat' dir='ltr'>AEtoli.</span> <span class='ocrx_word' id='word_1_136' title='bbox 266 1408 376 1458; x_wconf 86' lang='lat' dir='ltr'>Pars</span> <span class='ocrx_word' id='word_1_137' title='bbox 407 1427 528 1468; x_wconf 78' lang='lat' dir='ltr'>una,</span> <span class='ocrx_word' id='word_1_138' title='bbox 555 1411 602 1457; x_wconf 89' lang='lat' dir='ltr'>in</span> <span class='ocrx_word' id='word_1_139' title='bbox 638 1427 731 1474; x_wconf 87' lang='lat' dir='ltr'>qua</span> <span class='ocrx_word' id='word_1_140' title='bbox 765 1407 965 1457; x_wconf 65' lang='lat' dir='ltr'>aedificia</span> <span class='ocrx_word' id='word_1_141' title='bbox 998 1422 1132 1457; x_wconf 79' lang='lat' dir='ltr'>extra</span> <span class='ocrx_word' id='word_1_142' title='bbox 1172 1408 1342 1457; x_wconf 86' lang='lat' dir='ltr'>urbem</span> 
     </span>
     <span class='ocr_line' id='line_1_21' title="bbox 63 1476 1340 1544; baseline 0.004 -23"><span class='ocrx_word' id='word_1_143' title='bbox 63 1489 199 1524; x_wconf 90' lang='lat' dir='ltr'>erant</span> <span class='ocrx_word' id='word_1_144' title='bbox 219 1512 232 1536; x_wconf 83' lang='lat'>,</span> <span class='ocrx_word' id='word_1_145' title='bbox 270 1494 428 1544; x_wconf 89' lang='lat' dir='ltr'>neque</span> <span class='ocrx_word' id='word_1_146' title='bbox 468 1476 742 1526; x_wconf 87' lang='lat' dir='ltr'>defenditur</span> <span class='ocrx_word' id='word_1_147' title='bbox 763 1515 778 1537; x_wconf 84' lang='lat'>‚</span> <span class='ocrx_word' id='word_1_148' title='bbox 810 1494 967 1543; x_wconf 81' lang='lat' dir='ltr'>neque</span> <span class='ocrx_word' id='word_1_149' title='bbox 1001 1491 1340 1543; x_wconf 85' lang='lat' dir='ltr'>oppugnatur:</span> 
     </span>
     <span class='ocr_line' id='line_1_22' title="bbox 60 1540 1340 1613; baseline 0.003 -24"><span class='ocrx_word' id='word_1_150' title='bbox 60 1540 140 1590; x_wconf 90' lang='lat' dir='ltr'>sed</span> <span class='ocrx_word' id='word_1_151' title='bbox 177 1546 256 1611; x_wconf 87' lang='lat' dir='ltr'>qui</span> <span class='ocrx_word' id='word_1_152' title='bbox 276 1561 614 1613; x_wconf 85' lang='lat' dir='ltr'>oppugnarent</span> <span class='ocrx_word' id='word_1_153' title='bbox 635 1583 649 1605; x_wconf 89' lang='lat'>‚</span> <span class='ocrx_word' id='word_1_154' title='bbox 676 1548 848 1594; x_wconf 85' lang='lat' dir='ltr'>intenti</span> <span class='ocrx_word' id='word_1_155' title='bbox 883 1545 1066 1610; x_wconf 75' lang='lat' dir='ltr'>signum</span> <span class='ocrx_word' id='word_1_156' title='bbox 1091 1544 1340 1610; x_wconf 56' lang='lat' dir='ltr'>exspeffi‘ta—</span> 
     </span>
     <span class='ocr_line' id='line_1_23' title="bbox 60 1610 1337 1671; baseline 0.004 -14"><span class='ocrx_word' id='word_1_157' title='bbox 60 1610 208 1671; x_wconf 83' lang='lat' dir='ltr'>bant3</span> <span class='ocrx_word' id='word_1_158' title='bbox 247 1613 472 1663; x_wconf 87' lang='lat' dir='ltr'>defensor</span> <span class='ocrx_word' id='word_1_159' title='bbox 515 1631 666 1664; x_wconf 91' lang='lat' dir='ltr'>nemo</span> <span class='ocrx_word' id='word_1_160' title='bbox 704 1615 885 1662; x_wconf 87' lang='lat' dir='ltr'>aderat.</span> <span class='ocrx_word' id='word_1_161' title='bbox 921 1613 1026 1662; x_wconf 86' lang='lat' dir='ltr'>Jam</span> <span class='ocrx_word' id='word_1_162' title='bbox 1071 1613 1337 1662; x_wconf 84' lang='lat' dir='ltr'>dilucesce-</span> 
     </span>
     <span class='ocr_line' id='line_1_24' title="bbox 59 1678 1335 1749; baseline 0.002 -23"><span class='ocrx_word' id='word_1_163' title='bbox 59 1678 175 1738; x_wconf 86' lang='lat' dir='ltr'>bat‚</span> <span class='ocrx_word' id='word_1_164' title='bbox 213 1698 361 1746; x_wconf 87' lang='lat' dir='ltr'>quum</span> <span class='ocrx_word' id='word_1_165' title='bbox 394 1681 577 1749; x_wconf 86' lang='lat' dir='ltr'>fignum</span> <span class='ocrx_word' id='word_1_166' title='bbox 616 1682 779 1731; x_wconf 89' lang='lat' dir='ltr'>consul</span> <span class='ocrx_word' id='word_1_167' title='bbox 810 1681 942 1730; x_wconf 88' lang='lat' dir='ltr'>dedit</span> <span class='ocrx_word' id='word_1_168' title='bbox 970 1699 981 1729; x_wconf 94' lang='lat'>:</span> <span class='ocrx_word' id='word_1_169' title='bbox 1023 1681 1074 1728; x_wconf 86' lang='lat'>&amp;</span> <span class='ocrx_word' id='word_1_170' title='bbox 1110 1680 1207 1730; x_wconf 86' lang='lat' dir='ltr'>fine</span> <span class='ocrx_word' id='word_1_171' title='bbox 1234 1682 1335 1729; x_wconf 83' lang='lat' dir='ltr'>ullo</span> 
     </span>
     <span class='ocr_line' id='line_1_25' title="bbox 61 1748 1540 1825; baseline 0.002 -30"><span class='ocrx_word' id='word_1_172' title='bbox 61 1751 323 1799; x_wconf 82' lang='lat' dir='ltr'>certamine</span> <span class='ocrx_word' id='word_1_173' title='bbox 362 1753 534 1815; x_wconf 88' lang='lat' dir='ltr'>partim</span> <span class='ocrx_word' id='word_1_174' title='bbox 581 1767 668 1816; x_wconf 90' lang='lat' dir='ltr'>per</span> <span class='ocrx_word' id='word_1_175' title='bbox 702 1750 952 1809; x_wconf 83' lang='lat' dir='ltr'>semiruta,</span> <span class='ocrx_word' id='word_1_176' title='bbox 990 1750 1164 1814; x_wconf 86' lang='lat' dir='ltr'>partim</span> <span class='ocrx_word' id='word_1_177' title='bbox 1202 1748 1332 1798; x_wconf 87' lang='lat' dir='ltr'>scalis</span> <span class='ocrx_word' id='word_1_178' title='bbox 1350 1767 1540 1825; x_wconf 60' lang='lat' dir='ltr'>Eccapic.</span> 
     </span>
     <span class='ocr_line' id='line_1_26' title="bbox 59 1814 1334 1883; baseline 0.002 -21"><span class='ocrx_word' id='word_1_179' title='bbox 59 1814 272 1883; x_wconf 88' lang='lat' dir='ltr'>integros</span> <span class='ocrx_word' id='word_1_180' title='bbox 298 1827 461 1867; x_wconf 69' lang='lat' dir='ltr'>muros</span> <span class='ocrx_word' id='word_1_181' title='bbox 492 1817 858 1868; x_wconf 63' lang='lat' dir='ltr'>transscendere.</span> <span class='ocrx_word' id='word_1_182' title='bbox 882 1818 1031 1868; x_wconf 83' lang='lat' dir='ltr'>Simul</span> <span class='ocrx_word' id='word_1_183' title='bbox 1060 1818 1240 1866; x_wconf 85' lang='lat' dir='ltr'>clamor</span> <span class='ocrx_word' id='word_1_184' title='bbox 1258 1820 1334 1866; x_wconf 85' lang='lat' dir='ltr'>in-</span> 
     </span>
     <span class='ocr_line' id='line_1_27' title="bbox 62 1883 1343 1952; baseline 0.002 -20"><span class='ocrx_word' id='word_1_185' title='bbox 62 1883 154 1933; x_wconf 84' lang='lat' dir='ltr'>dex</span> <span class='ocrx_word' id='word_1_186' title='bbox 190 1888 315 1951; x_wconf 88' lang='lat' dir='ltr'>capti</span> <span class='ocrx_word' id='word_1_187' title='bbox 339 1887 507 1952; x_wconf 85' lang='lat' dir='ltr'>oppidi</span> <span class='ocrx_word' id='word_1_188' title='bbox 540 1885 606 1935; x_wconf 89' lang='lat' dir='ltr'>est</span> <span class='ocrx_word' id='word_1_189' title='bbox 641 1887 887 1936; x_wconf 82' lang='lat' dir='ltr'>exauditus</span> <span class='ocrx_word' id='word_1_190' title='bbox 911 1925 925 1947; x_wconf 84' lang='lat'><strong>,</strong></span> <span class='ocrx_word' id='word_1_191' title='bbox 955 1887 1165 1951; x_wconf 82' lang='lat' dir='ltr'>undique</span> <span class='ocrx_word' id='word_1_192' title='bbox 1197 1886 1343 1935; x_wconf 85' lang='lat' dir='ltr'>AEto-</span> 
     </span>
    </p>

    <p class='ocr_par' dir='ltr' id='par_1_5' title="bbox 56 1952 1340 2697">
     <span class='ocr_line' id='line_1_28' title="bbox 58 1952 1339 2031; baseline 0.004 -33"><span class='ocrx_word' id='word_1_193' title='bbox 58 1952 88 1999; x_wconf 87' lang='lat' dir='ltr'>li</span> <span class='ocrx_word' id='word_1_194' title='bbox 133 1952 324 2002; x_wconf 84' lang='lat' dir='ltr'>desertis</span> <span class='ocrx_word' id='word_1_195' title='bbox 364 1954 644 2004; x_wconf 81' lang='lat' dir='ltr'>stationibus</span> <span class='ocrx_word' id='word_1_196' title='bbox 687 1957 735 2002; x_wconf 84' lang='lat' dir='ltr'>in</span> <span class='ocrx_word' id='word_1_197' title='bbox 773 1972 934 2002; x_wconf 85' lang='lat' dir='ltr'>arcem</span> <span class='ocrx_word' id='word_1_198' title='bbox 975 1953 1181 2021; x_wconf 82' lang='lat' dir='ltr'>fugiunt.</span> <span class='ocrx_word' id='word_1_199' title='bbox 1226 1955 1339 2031; x_wconf 82' lang='lat' dir='ltr'>Op-</span> 
     </span>
     <span class='ocr_line' id='line_1_29' title="bbox 58 2021 1337 2089; baseline 0.002 -22"><span class='ocrx_word' id='word_1_200' title='bbox 58 2021 230 2085; x_wconf 87' lang='lat' dir='ltr'>pidum</span> <span class='ocrx_word' id='word_1_201' title='bbox 260 2022 467 2072; x_wconf 57' lang='lat' dir='ltr'>vifilores</span> <span class='ocrx_word' id='word_1_202' title='bbox 486 2059 501 2082; x_wconf 86' lang='lat'><strong>,</strong></span> <span class='ocrx_word' id='word_1_203' title='bbox 532 2022 753 2089; x_wconf 73' lang='lat' dir='ltr'>permissu</span> <span class='ocrx_word' id='word_1_204' title='bbox 791 2023 993 2070; x_wconf 82' lang='lat' dir='ltr'>consulis</span> <span class='ocrx_word' id='word_1_205' title='bbox 1015 2060 1028 2080; x_wconf 88' lang='lat'><strong>‚</strong></span> <span class='ocrx_word' id='word_1_206' title='bbox 1069 2024 1295 2087; x_wconf 77' lang='lat' dir='ltr'>diripiunt</span> <span class='ocrx_word' id='word_1_207' title='bbox 1325 2041 1337 2070; x_wconf 75' lang='grc' dir='ltr'>ε</span> 
     </span>
     <span class='ocr_line' id='line_1_30' title="bbox 57 2090 1337 2155; baseline 0.002 -19"><span class='ocrx_word' id='word_1_208' title='bbox 57 2106 157 2138; x_wconf 90' lang='lat' dir='ltr'>non</span> <span class='ocrx_word' id='word_1_209' title='bbox 193 2104 292 2138; x_wconf 86' lang='lat' dir='ltr'>tam</span> <span class='ocrx_word' id='word_1_210' title='bbox 326 2091 386 2139; x_wconf 90' lang='lat' dir='ltr'>ab</span> <span class='ocrx_word' id='word_1_211' title='bbox 419 2093 517 2153; x_wconf 86' lang='lat' dir='ltr'>ira,</span> <span class='ocrx_word' id='word_1_212' title='bbox 550 2107 639 2139; x_wconf 90' lang='lat' dir='ltr'>nec</span> <span class='ocrx_word' id='word_1_213' title='bbox 674 2091 734 2139; x_wconf 81' lang='lat' dir='ltr'>ab</span> <span class='ocrx_word' id='word_1_214' title='bbox 766 2091 880 2139; x_wconf 87' lang='lat' dir='ltr'>odio</span> <span class='ocrx_word' id='word_1_215' title='bbox 902 2129 915 2149; x_wconf 85' lang='lat'>‚</span> <span class='ocrx_word' id='word_1_216' title='bbox 947 2090 1090 2155; x_wconf 71' lang='lat' dir='ltr'>quam</span> <span class='ocrx_word' id='word_1_217' title='bbox 1125 2106 1175 2138; x_wconf 86' lang='lat' dir='ltr'>ut</span> <span class='ocrx_word' id='word_1_218' title='bbox 1197 2092 1337 2139; x_wconf 86' lang='lat' dir='ltr'>miles</span> 
     </span>
     <span class='ocr_line' id='line_1_31' title="bbox 59 2157 1340 2221; baseline 0.002 -17"><span class='ocrx_word' id='word_1_219' title='bbox 59 2159 294 2206; x_wconf 72' lang='lat' dir='ltr'>coercitus</span> <span class='ocrx_word' id='word_1_220' title='bbox 332 2160 379 2206; x_wconf 90' lang='lat' dir='ltr'>in</span> <span class='ocrx_word' id='word_1_221' title='bbox 420 2173 494 2208; x_wconf 89' lang='lat' dir='ltr'>tot</span> <span class='ocrx_word' id='word_1_222' title='bbox 521 2161 728 2221; x_wconf 81' lang='lat' dir='ltr'>receptis</span> <span class='ocrx_word' id='word_1_223' title='bbox 760 2157 963 2207; x_wconf 83' lang='lat' dir='ltr'>hostium</span> <span class='ocrx_word' id='word_1_224' title='bbox 1000 2159 1193 2206; x_wconf 85' lang='lat' dir='ltr'>urbibus</span> <span class='ocrx_word' id='word_1_225' title='bbox 1215 2195 1228 2218; x_wconf 86' lang='lat'>‚</span> <span class='ocrx_word' id='word_1_226' title='bbox 1256 2159 1340 2206; x_wconf 85' lang='lat' dir='ltr'>ali-</span> 
     </span>
     <span class='ocr_line' id='line_1_32' title="bbox 57 2225 1336 2293; baseline 0.001 -19"><span class='ocrx_word' id='word_1_227' title='bbox 57 2242 155 2290; x_wconf 89' lang='lat' dir='ltr'>quo</span> <span class='ocrx_word' id='word_1_228' title='bbox 178 2226 371 2275; x_wconf 86' lang='lat' dir='ltr'>tandem</span> <span class='ocrx_word' id='word_1_229' title='bbox 397 2226 510 2276; x_wconf 89' lang='lat' dir='ltr'>loco</span> <span class='ocrx_word' id='word_1_230' title='bbox 541 2225 741 2275; x_wconf 54' lang='lat' dir='ltr'>fruilum</span> <span class='ocrx_word' id='word_1_231' title='bbox 773 2226 983 2293; x_wconf 68' lang='lat' dir='ltr'>viftoriae</span> <span class='ocrx_word' id='word_1_232' title='bbox 1002 2225 1211 2275; x_wconf 82' lang='lat' dir='ltr'>sentiret.</span> <span class='ocrx_word' id='word_1_233' title='bbox 1234 2225 1336 2275; x_wconf 82' lang='lat' dir='ltr'>Re-</span> 
     </span>
     <span class='ocr_line' id='line_1_33' title="bbox 56 2295 1333 2360; baseline 0.001 -19"><span class='ocrx_word' id='word_1_234' title='bbox 56 2310 262 2349; x_wconf 82' lang='lat' dir='ltr'>vocatos</span> <span class='ocrx_word' id='word_1_235' title='bbox 295 2295 406 2343; x_wconf 89' lang='lat' dir='ltr'>inde</span> <span class='ocrx_word' id='word_1_236' title='bbox 442 2314 467 2343; x_wconf 88' lang='lat' dir='ltr'>a</span> <span class='ocrx_word' id='word_1_237' title='bbox 492 2295 653 2344; x_wconf 86' lang='lat' dir='ltr'>medio</span> <span class='ocrx_word' id='word_1_238' title='bbox 689 2295 841 2344; x_wconf 85' lang='lat' dir='ltr'>ferme</span> <span class='ocrx_word' id='word_1_239' title='bbox 875 2295 950 2343; x_wconf 82' lang='lat' dir='ltr'>die</span> <span class='ocrx_word' id='word_1_240' title='bbox 985 2295 1157 2342; x_wconf 75' lang='lat' dir='ltr'>milites</span> <span class='ocrx_word' id='word_1_241' title='bbox 1183 2311 1333 2360; x_wconf 84' lang='lat' dir='ltr'>quum</span> 
     </span>
     <span class='ocr_line' id='line_1_34' title="bbox 57 2361 1334 2428; baseline 0.002 -20"><span class='ocrx_word' id='word_1_242' title='bbox 57 2361 107 2409; x_wconf 88' lang='lat' dir='ltr'>in</span> <span class='ocrx_word' id='word_1_243' title='bbox 144 2361 261 2410; x_wconf 89' lang='lat' dir='ltr'>duas</span> <span class='ocrx_word' id='word_1_244' title='bbox 298 2361 517 2411; x_wconf 80' lang='lat' dir='ltr'>divisisset</span> <span class='ocrx_word' id='word_1_245' title='bbox 536 2379 692 2428; x_wconf 86' lang='lat' dir='ltr'>partes</span> <span class='ocrx_word' id='word_1_246' title='bbox 714 2401 728 2422; x_wconf 83' lang='lat'>‚</span> <span class='ocrx_word' id='word_1_247' title='bbox 762 2381 906 2410; x_wconf 76' lang='lat' dir='ltr'>unam</span> <span class='ocrx_word' id='word_1_248' title='bbox 933 2363 1168 2410; x_wconf 83' lang='lat' dir='ltr'>radicibus</span> <span class='ocrx_word' id='word_1_249' title='bbox 1189 2379 1334 2410; x_wconf 88' lang='lat' dir='ltr'>mon-</span> 
     </span>
     <span class='ocr_line' id='line_1_35' title="bbox 58 2428 1333 2496; baseline 0.001 -20"><span class='ocrx_word' id='word_1_250' title='bbox 58 2431 178 2477; x_wconf 83' lang='lat' dir='ltr'>tium</span> <span class='ocrx_word' id='word_1_251' title='bbox 215 2430 502 2478; x_wconf 85' lang='lat' dir='ltr'>circumduci</span> <span class='ocrx_word' id='word_1_252' title='bbox 535 2431 594 2479; x_wconf 78' lang='lat' dir='ltr'>ad</span> <span class='ocrx_word' id='word_1_253' title='bbox 629 2449 796 2496; x_wconf 86' lang='lat' dir='ltr'>rupem</span> <span class='ocrx_word' id='word_1_254' title='bbox 820 2429 942 2494; x_wconf 70' lang='lat' dir='ltr'>jussit</span> <span class='ocrx_word' id='word_1_255' title='bbox 963 2468 977 2490; x_wconf 81' lang='lat'>‚</span> <span class='ocrx_word' id='word_1_256' title='bbox 1013 2446 1116 2493; x_wconf 79' lang='lat' dir='ltr'>quae</span> <span class='ocrx_word' id='word_1_257' title='bbox 1146 2428 1333 2496; x_wconf 82' lang='lat' dir='ltr'>fastigio</span> 
     </span>
     <span class='ocr_line' id='line_1_36' title="bbox 58 2497 1333 2562; baseline 0.001 -18"><span class='ocrx_word' id='word_1_258' title='bbox 58 2497 317 2545; x_wconf 86' lang='lat' dir='ltr'>altitudinis</span> <span class='ocrx_word' id='word_1_259' title='bbox 349 2516 434 2562; x_wconf 86' lang='lat' dir='ltr'>par</span> <span class='ocrx_word' id='word_1_260' title='bbox 459 2537 472 2558; x_wconf 93' lang='lat'><strong>‚</strong></span> <span class='ocrx_word' id='word_1_261' title='bbox 508 2500 665 2547; x_wconf 67' lang='lat' dir='ltr'>media</span> <span class='ocrx_word' id='word_1_262' title='bbox 702 2499 827 2547; x_wconf 76' lang='lat' dir='ltr'>valle</span> <span class='ocrx_word' id='word_1_263' title='bbox 866 2499 999 2547; x_wconf 87' lang='lat' dir='ltr'>velut</span> <span class='ocrx_word' id='word_1_264' title='bbox 1035 2497 1233 2562; x_wconf 77' lang='lat' dir='ltr'>abrupta</span> <span class='ocrx_word' id='word_1_265' title='bbox 1273 2497 1333 2545; x_wconf 86' lang='lat' dir='ltr'>ab</span> 
     </span>
     <span class='ocr_line' id='line_1_37' title="bbox 59 2566 1330 2633; baseline 0.002 -22"><span class='ocrx_word' id='word_1_266' title='bbox 59 2582 166 2612; x_wconf 88' lang='lat' dir='ltr'>arce</span> <span class='ocrx_word' id='word_1_267' title='bbox 198 2581 326 2625; x_wconf 88' lang='lat' dir='ltr'>erat;</span> <span class='ocrx_word' id='word_1_268' title='bbox 358 2566 439 2614; x_wconf 89' lang='lat' dir='ltr'>sed</span> <span class='ocrx_word' id='word_1_269' title='bbox 469 2567 594 2615; x_wconf 86' lang='lat' dir='ltr'>adeo</span> <span class='ocrx_word' id='word_1_270' title='bbox 628 2584 783 2632; x_wconf 74' lang='lat' dir='ltr'>prope</span> <span class='ocrx_word' id='word_1_271' title='bbox 818 2568 1055 2633; x_wconf 80' lang='lat' dir='ltr'>geminata</span> <span class='ocrx_word' id='word_1_272' title='bbox 1086 2566 1330 2614; x_wconf 80' lang='lat' dir='ltr'>cacumina</span> 
     </span>
     <span class='ocr_line' id='line_1_38' title="bbox 59 2633 1330 2697; baseline 0.001 -16"><span class='ocrx_word' id='word_1_273' title='bbox 59 2648 228 2682; x_wconf 82' lang='lat' dir='ltr'>eorum</span> <span class='ocrx_word' id='word_1_274' title='bbox 250 2636 487 2684; x_wconf 87' lang='lat' dir='ltr'>montium</span> <span class='ocrx_word' id='word_1_275' title='bbox 512 2635 614 2684; x_wconf 87' lang='lat' dir='ltr'>sunt</span> <span class='ocrx_word' id='word_1_276' title='bbox 635 2673 652 2697; x_wconf 87' lang='lat'>‚</span> <span class='ocrx_word' id='word_1_277' title='bbox 684 2651 733 2684; x_wconf 86' lang='lat' dir='ltr'>ut</span> <span class='ocrx_word' id='word_1_278' title='bbox 754 2652 812 2684; x_wconf 78' lang='lat' dir='ltr'>ex</span> <span class='ocrx_word' id='word_1_279' title='bbox 832 2635 1010 2686; x_wconf 76' lang='lat' dir='ltr'>verti-ce</span> <span class='ocrx_word' id='word_1_280' title='bbox 1033 2633 1186 2681; x_wconf 75' lang='lat' dir='ltr'>altero</span> <span class='ocrx_word' id='word_1_281' title='bbox 1207 2650 1330 2682; x_wconf 85' lang='lat' dir='ltr'>con-</span> 
     </span>
    </p>
   </div>
   <div class='ocr_carea' id='block_1_2' title="bbox 988 2698 1118 2750">
    <p class='ocr_par' dir='ltr' id='par_1_6' title="bbox 988 2698 1118 2750">
     <span class='ocr_line' id='line_1_39' title="bbox 988 2698 1118 2750; baseline 0.008 -2"><span class='ocrx_word' id='word_1_282' title='bbox 988 2698 1118 2750; x_wconf 72' lang='lat' dir='ltr'>Riv</span> 
     </span>
    </p>
   </div>
  </div>
 </body>
</html>
