1680 3052
257 123 303 180 L
346 137 369 177 1
414 135 448 176 Β
496 135 530 176 E
574 136 614 176 R
709 119 1083 179 XXXIII.
1216 119 1325 199 169

46 200 141 254 'esse
175 200 404 252 dicerent.
442 199 635 249 Decem
682 200 826 266 legati
870 219 1006 248 more
1048 200 1531 265 majorum‚U.c.555.

47 288 250 337 quorum
279 288 337 318 ex
360 270 564 318 consilio
603 266 667 315 T.
702 267 932 332 Quintius
959 270 1225 332 imperator
1250 269 1532 323 le-2·C·197.

47 355 131 406 ges
164 339 293 405 pacis
325 337 546 403 Philippo
585 335 754 395 daret,
787 335 968 385 decreti
1000 352 1009 381 :
1054 334 1328 396 adjecimu-

46 423 141 471 que
161 442 175 464 ‚
217 420 264 453 ut
295 407 341 452 in
384 422 445 453 eo
471 419 671 452 numero
709 404 978 469 legatorum
1005 401 1056 450 P.
1087 401 1327 467 Sulpicius

48 474 101 521 &
126 472 177 522 P.
215 473 389 520 Villius
424 470 571 520 essent
595 509 608 527 ‚
644 472 724 536 qui
764 469 978 518 consules
1020 473 1326 535 provinciam

45 540 394 590 Macedoniam
412 537 734 589 obtinuissent.
758 536 959 587 Cosanis
979 554 1041 586 eo
1061 537 1137 586 die
1160 538 1331 603 postu-

43 608 246 658 lantibus
275 624 326 656 ut
361 606 445 655 fibi
484 609 774 656 colonorum
794 622 1019 655 numerus
1037 623 1326 672 augeretur,

45 676 176 725 mille
210 674 410 724 adscribi
441 673 544 738 juffi
578 693 589 722 :
630 675 744 722 dum
767 691 828 723 ne
847 675 949 735 quis
973 675 1020 721 in
1043 690 1212 723 eorum
1232 693 1327 723 nu·

43 760 181 793 mero
214 741 370 803 esset,
417 744 497 808 qui
529 758 559 806 9
597 741 704 806 post
740 740 790 788 P.
832 740 1121 790 Cornelium
1153 741 1206 791 &
1241 741 1329 795 Ti.

43 809 383 876 Sempronium
422 809 639 858 consules
670 808 814 857 hostis
847 807 1017 858 fuiffet.

110 878 278 928 XXV.
304 878 424 927 Ludi
459 878 670 927 Romani
697 894 757 925 eo
784 895 913 926 anno
939 879 985 924 in
1010 877 1137 926 circo
1160 876 1328 927 scena-¹

42 964 136 1014 que
178 947 237 996 ab
273 947 486 996 aedilibus
519 944 758 995 curulibus
788 983 801 1004 ‚
849 944 903 994 P.
936 945 1174 994 Cornelio
1209 946 1324 996 Sci-

42 1018 191 1083 pione
224 1015 277 1064 &
316 1013 412 1064 Cn.
446 1014 634 1062 Manlio
653 1011 871 1062 Vulsone
892 1051 907 1074 ‚
943 1012 1328 1080 &magnificen-

41 1085 131 1132 tius
152 1083 295 1150 quam
315 1083 427 1131 alias
460 1081 567 1130 facii
589 1120 603 1142 ‚
628 1081 678 1129 &
700 1081 846 1129 laetius
867 1096 1069 1147 propter
1090 1099 1164 1130 res
1184 1082 1320 1132 bello

39 1150 166 1201 bene
192 1151 343 1218 gestas
367 1149 556 1217 spectati
576 1187 590 1208 ‚
608 1149 794 1214 totique
822 1163 894 1197 ter
912 1148 1150 1198 instaurati
1181 1151 1322 1215 :ple-

38 1218 133 1271 beii
164 1220 335 1286 septies
370 1217 626 1266 instaurati.
655 1216 839 1264 Acilius
863 1216 1070 1266 Glabrio
1093 1255 1106 1277 ‚
1127 1215 1190 1266 C.
1211 1218 1325 1266 [εε-

38 1287 126 1336 lius
151 1305 235 1337 eos
264 1286 402 1336 ludos
433 1285 670 1335 fecerunt.
704 1283 776 1332 Ex
801 1300 1005 1350 argento
1028 1285 1321 1336 mulctaticio

37 1356 125 1403 tria
155 1354 283 1421 signa
314 1371 443 1403 aenea
463 1392 477 1413 ‚
521 1370 541 1402 1
582 1351 751 1401 Cereri
777 1352 1052 1418 Liberoqne
1086 1353 1137 1401 δε
1163 1353 1318 1403 Libe-

36 1439 101 1471 rae
119 1459 134 1482 ‚
167 1423 444 1488 posuerunt.
472 1420 525 1470 L.
551 1419 718 1468 Furius
748 1419 798 1468 &
827 1420 900 1469 M.
923 1419 1154 1470 Claudius
1175 1422 1501 1496 Mas-Ussffi

0 1528 1 1539 i
36 1491 219 1549 tellus,
257 1489 504 1538 consulatu
553 1488 705 1547 inito,
747 1505 894 1553 quum
951 1489 1012 1538 de
1052 1480 1520 1554 provinciisa.(1.1<)6:

35 1574 283 1626 ageretur,
321 1557 373 1605 &
406 1557 589 1605 Italiam
626 1556 815 1621 utrique
848 1559 1146 1622 provinciam
1169 1557 1313 1608 sena·
1370 1560 1416 1600 L·
1439 1562 1518 1601 Fu-

35 1639 110 1676 tus
146 1626 458 1684 decerneret,
482 1640 532 1672 ut
555 1623 899 1672 Macedoniam
925 1644 1034 1674 cum
1055 1624 1190 1674 Italia
1213 1626 1309 1675 sor·
1322 1623 1383 1663 rio
1401 1651 1411 1669 ν
1448 1622 1515 1662 Μ·

32 1696 232 1744 tirentur
265 1694 513 1760 petebant.
551 1691 844 1747 Marcellus,
878 1695 1141 1757 provinciae
1178 1683 1498 1760 cupi-Cl‘ffldi‘)

35 1761 143 1812 d'ior
165 1800 179 1823 ‚
211 1778 383 1828 pacem
413 1760 679 1813 fimulatam
714 1777 767 1808 ac
804 1759 1023 1809 fallacem
1058 1762 1268 1811 dicendo
1290 1745 1433 1822 ,COff’

35 1831 88 1880 &
123 1830 493 1888 rebellaturum‚
530 1827 564 1876 st
604 1829 840 1876 exercitus
877 1829 989 1877 inde
1025 1829 1309 1895 deportatus

33 1896 180 1958 effet,
202 1915 395 1965 regem,
431 1897 601 1945 dubios
627 1895 872 1951 sententiae
906 1896 1070 1948 Patres
1107 1897 1308 1949 fecerat.

34 1964 98 2021 Et
125 1964 318 2014 forfitan
346 1963 655 2015 obtinuiss'ent
687 1962 904 2012 consules
925 2002 939 2025 ‚
981 1967 1026 2012 ni
1061 1965 1131 2030 Q.
1164 1965 1303 2016 Mar·
1318 1979 1411 2026 Pax
1428 1987 1511 2026 cm

33 2034 132 2083 cius
157 2031 264 2081 Rex
293 2034 346 2082 &
375 2032 436 2082 C.
467 2033 659 2081 Atinius
686 2031 884 2092 Labeo,
920 2033 1095 2082 tribuni
1119 2034 1273 2100 plebis
1292 2042 1512 2096 ‚Macedffi

31 2103 79 2152 se
111 2099 442 2149 intercessuros
474 2099 690 2148 dixissent
711 2138 724 2160 ‚
755 2101 803 2148 ni
834 2102 961 2165 prius
996 2100 1082 2167 ipsi
1113 2103 1174 2150 ad
1241 2105 1448 2152 le-nibus.

30 2169 147 2223 bem
170 2166 402 2229 tulissent,
418 2169 601 2218 vellent
621 2167 907 2231 iuberentne
935 2186 1043 2217 cum
1061 2186 1175 2237 rege
1238 2172 1310 2220 hi-

29 2238 172 2303 lippo—
196 2254 366 2302 pacem
413 2235 523 2284 esse.
563 2235 629 2284 Ea
659 2237 848 2303 rogatio
880 2238 929 2284 in
962 2235 1211 2303 Capitolio
1242 2240 1307 2289 ad

29 2306 227 2372 plebem
247 2305 340 2353 lata
361 2302 426 2352 est
454 2321 464 2352 :
493 2320 663 2352 omnes
696 2306 906 2371 quinque
928 2304 981 2354 ὃ(
1007 2307 1200 2372 triginta
1223 2309 1310 2355 tri-

30 2374 118 2422 bus
141 2409 157 2437 ,
191 2375 258 2421 uti
286 2385 463 2439 rogatae
482 2409 497 2432 ‚
529 2369 773 2436 jusserunt.
809 2370 871 2419 Et
900 2373 999 2439 quo
1031 2377 1184 2442 magis
1215 2385 1310 2440 pa-‘

91 2477 119 2519 9
147 2466 240 2516 Post
270 2466 319 2507 P.
352 2468 573 2511 Cornelium
596 2468 633 2508 G»
762 2479 780 2507 Ι
806 2456 970 2512 Cereri,
990 2465 1206 2520 Liberoque
1225 2494 1236 2514 ‚
1267 2463 1306 2504 6·

34 2527 100 2569 Τι’.
131 2527 397 2582 Sempronium
428 2529 527 2583 Coſj‘.
547 2533 567 2584 ]
589 2530 634 2569 Id
698 2528 861 2568 Lihcrae.
880 2528 900 2579 ]
922 2528 1020 2568 Vid.
1053 2538 1143 2568 not.
1165 2526 1190 2568 6
1207 2553 1221 2574 ,
1252 2524 1304 2572 ad

29 2588 85 2630 est
103 2616 115 2633 ‚
135 2603 156 2628 a
186 2590 314 2643 primo
341 2605 444 2633 anno
472 2591 634 2632 secundi
695 2590 725 2631 l.
747 2590 806 2632 111
827 2617 839 2638 ,
863 2604 899 2631 c.
926 2601 997 2641 55.

30 2648 171 2692 Punici
194 2650 307 2691 belli.

176 2713 300 2760 Tom.
334 2715 390 2762 V.
673 2774 676 2775 ⁷
1040 2705 1093 2756 H
