1680 3052
199 74 563 160 LIBER
645 99 1095 159 XXXVIII.
1205 106 1311 180 531

32 176 164 234 Data
205 185 345 231 venia
391 181 576 248 regulo.
623 179 754 229 Duci
790 180 901 229 inde
954 183 1189 230 exercitus
1230 199 1317 248 per
1334 194 1522 248 U,c‚563.·

32 252 238 316 Axylon
278 248 463 316 (quam
501 247 721 315 vocant)
757 262 933 297 terram
980 264 1184 314 coeptus.
1233 249 1313 298 Ab
1334 251 1524 301 1.C.189s

33 335 86 367 re
124 335 306 373 nomen
335 319 515 375 habet;
544 335 645 365 non
676 316 791 383 ligni
833 315 985 364 modo
1020 318 1275 382 quicquam
1300 355 1316 378 ,

33 386 117 435 sed
145 404 206 434 ne
229 388 381 451 spinas
406 385 602 452 quidem
624 422 641 443 ,
674 400 754 432 aut
777 384 926 432 ullum
954 383 1082 431 aliud
1105 384 1314 432 alimen-

35 469 139 503 tum
168 453 260 502 fert
296 456 435 519 ignis.
470 452 611 501 Fimo
649 451 833 500 bubulo
870 470 961 518 pro
997 451 1144 518 lignis
1174 468 1323 499 utun-

36 535 130 571 tur.
160 521 242 569 Ad
263 519 522 570 Cuballum
550 519 884 587 Gallograeciae
902 517 1144 568 castellum
1169 517 1320 568 castra

36 589 326 638 habentibus
371 588 640 647 Romanis,
677 604 942 654 apparuere
989 605 1097 635 cum
1138 604 1323 653 magno

38 658 248 707 tumultu
297 655 505 705 hostium
547 656 767 721 equites;
801 672 891 703 nec
924 655 1171 702 turbarunt
1212 670 1323 704 tan-

38 726 143 774 tiim
190 725 417 772 stationes
462 723 709 771 Romanas
756 723 954 789 repente
990 721 1198 783 invecti,
1238 721 1326 772 sed.

43 791 280 859 quosdam
306 794 450 839 etiam
473 791 787 849 occiderunt3
819 792 900 856 qui
930 790 1160 838 tumultus
1177 807 1330 856 quum

35 862 92 910 in
130 859 276 908 castra
307 861 516 925 perlatus
558 857 673 907 esset
698 895 713 916 ‚
757 855 927 906 effusus
969 859 1170 924 repente
1211 876 1337 906 om·-

41 928 186 978 nibus
219 930 370 991 portis
402 929 640 992 equitatus
675 925 924 975 Romanus
953 924 1075 975 fudit
1115 925 1331 993 fugavit-

43 1012 141 1063 que
181 993 390 1052 Gallos,
422 995 473 1043 &
497 995 680 1061 aliquot
701 993 941 1060 fugientes
975 995 1170 1044 occidit.
1204 993 1330 1044 Inde

46 1061 249 1124 consul,
290 1079 341 1112 ut
367 1065 448 1128 qui
484 1061 579 1127 jam
609 1062 670 1111 ad
702 1061 860 1111 hostes
900 1078 1192 1128 perventum
1224 1081 1331 1112 cet-

49 1148 188 1182 neret
210 1168 225 1191 ,
257 1132 512 1197 explorato
544 1130 721 1179 deinde
741 1167 755 1189 ‚
798 1131 848 1178 δί
884 1149 993 1179 cum
1025 1150 1133 1179 cura
1157 1131 1332 1181 coacto

50 1202 244 1267 agmine
286 1198 636 1265 procedebat;
682 1199 1038 1248 continentibus
1086 1199 1337 1249 itineribus

50 1285 203 1335 quum
235 1268 296 1315 ad
333 1266 611 1334 Sangarium
641 1267 819 1316 flumen
845 1265 1136 1332 perveniffet
1158 1305 1173 1328 ,
1208 1285 1340 1334 pon-

49 1351 152 1385 tem
174 1373 188 1395 ,
223 1338 332 1400 quia
360 1339 490 1384 vado
517 1334 746 1400 nusquam
770 1333 986 1384 transitus
1008 1350 1108 1384 erat
1125 1372 1139 1395 ‚
1173 1334 1337 1385 facere

50 1403 261 1452 instituit.
293 1402 550 1469 Sangarius
570 1419 630 1451 ex
664 1402 867 1451 Adoreo
890 1418 1058 1452 monte
1080 1420 1167 1469 per
1182 1402 1342 1468 Phry-

52 1472 184 1540 giam
217 1471 369 1519 fluens
393 1509 406 1530 ,
445 1470 664 1519 miscetur
689 1472 747 1519 ad
774 1470 1057 1536 Bithyniam
1087 1470 1341 1537 Thymbri

53 1540 246 1596 fluvio3
283 1538 394 1587 inde
441 1537 598 1601 major
638 1536 734 1601 'jam
775 1541 1029 1606 geminatis
1076 1542 1210 1605 aquis
1250 1556 1339 1604 per

56 1606 337 1672 Bithyniam
377 1605 561 1666 fertur,
606 1605 657 1654 δὲ
695 1622 716 1671 3
754 1607 803 1654 in
853 1606 1204 1673 Propontidem
1239 1607 1340 1658 sese

55 1673 257 1723 effundit
282 1691 296 1734 3
335 1691 436 1722 non
464 1690 625 1722 tamen
657 1687 754 1722 tam
788 1675 1117 1742 magnitudine
1143 1692 1344 1725 memo-

55 1743 220 1791 rabilis
252 1778 267 1798 ,
303 1741 447 1806 quam
478 1741 610 1807 quod
650 1741 847 1807 piscium
883 1744 1057 1792 accolis
1092 1744 1345 1810 ingentem

57 1812 162 1860 vim
204 1809 403 1875 praebet.
444 1807 763 1875 Transgreffis
803 1825 954 1875 ponte
997 1809 1213 1876 perfecto
1243 1812 1347 1860 flu-

63 1895 179 1927 men
200 1915 215 1938 ,
247 1891 423 1941 praeter
457 1879 610 1943 ripam
636 1877 855 1926 euntibus
877 1876 1009 1926 Galli
1041 1878 1208 1927 Matris
1232 1879 1344 1929 Ma·
1373 1908 1378 1910 >

19 1958 28 1974 ·'
65 1962 172 2012 gnae
199 1963 224 1993 a
248 1942 521 1993 Pessinunte
546 1944 794 1994 occurrere
818 1963 925 1994 cum
949 1945 1205 2013 insignibus
1224 1946 1311 1996 suis
1329 1984 1347 2007 ‚

64 2015 387 2061 vaticinantes
423 2012 630 2060 fanatico
660 2015 869 2062 carmine
891 2052 905 2072 ,
943 2015 1084 2063 deam
1107 2013 1347 2065 Romanis

56 2083 198 2129 ‘viam
228 2081 343 2128 belii
368 2081 415 2128 ὃ(
437 2079 684 2128 νὶὲἳοῑὶειῐῑι
704 2082 815 2129 dare
837 2119 851 2142 ‚
872 2083 1224 2147 imperiumque
1244 2081 1350 2147 ejus

68 2149 297 2215 regionis.
325 2147 562 2214 Accipere
595 2147 640 2197 se
677 2165 821 2197 omen
847 2166 992 2214 quum
1028 2149 1350 2200 dixiffetcon-

67 2217 171 2276 sul,
206 2215 349 2264 castra
380 2233 441 2265 eo
473 2215 574 2282 ipso
596 2216 709 2264 loco
732 2215 929 2282 ,posuit3
955 2215 1149 2283 postero
1178 2217 1254 2266 die
1285 2218 1350 2267 ad

70 2284 313 2334 Gordium
347 2285 585 2349 pervenit.
626 2282 683 2332 Id
716 2285 843 2332 haud
877 2302 1104 2352 magnum
1150 2286 1350 2351 quidem

67 2352 311 2420 oppidum
345 2350 439 2414 est,
473 2351 554 2402 sed
585 2368 618 2413 4
657 2351 904 2421 plusquam
941 2353 1350 2404 mediterraneum

58 2514 66 2526 ³
140 2523 160 2563 3
198 2511 245 2552 In
281 2511 561 2566 Propontidem
597 2509 681 2568 sese
742 2514 1006 2569 neum.]Plus
1023 2514 1137 2568 quam
1156 2512 1257 2554 solet
1271 2513 1350 2555 fre-

78 2573 295 2630 effunclit.]
328 2573 410 2613 lmo
433 2574 472 2613 in
494 2573 680 2616 Pontum.
744 2576 926 2629 quentari
957 2576 1176 2628 emporium
1207 2575 1351 2617 mediis

138 2647 169 2688 4
200 2631 407 2690 Plusquam
453 2636 684 2698 medicam-¹
743 2637 919 2683 interris
937 2638 1057 2690 longe
1073 2636 1203 2680 amati
1219 2635 1351 2681 fitam.

982 2693 1076 2768 ,Ζῦ
