1680 3052
307 120 1099 185 LraER-XXXIL
1272 126 1350 206 87

60 205 237 269 bebat,
269 207 458 274 praetori
484 203 706 263 tradidit,
730 202 828 268 ipse
865 205 1006 251 novis
1040 204 1555 276 legionibus‚U.c.554.

62 295 180 345 quas
215 276 375 326 secum
409 272 708 330 adduxerat,
742 270 927 319 bellum
959 269 1171 338 gesturus
1205 294 1215 319 :
1248 277 1549 332 ne-a.C.198.

60 362 156 410 que
207 342 532 394 memorabilis
565 341 633 389 rei
672 339 931 405 quicquam
970 337 1122 405 geffit.
1173 338 1234 389 Et
1277 341 1342 393 Τ.

61 411 295 477 Quintius
333 411 450 460 alter
479 407 641 456 consul
676 408 903 455 maturius
925 444 940 466 ,
979 406 1124 473 quarn
1155 411 1339 473 priores
1358 425 1548 468 Ouimius

58 480 183 530 soliti
212 494 344 529 erant
371 475 616 536 consules,
640 493 667 523 a
695 473 964 525 Brundusio
994 492 1145 540 quum
1186 469 1549 527 trans-ixMace-

61 547 284 604 mififfet,
320 545 594 610 Corcyram
642 545 794 592 tenuit
832 561 941 591 cum
981 542 1091 592 οξὶο
1128 545 1530 594 millibusdorzimo

59 616 279 681 peditum
312 651 327 673 ‚
373 614 615 677 equitibus
656 610 962 678 offingentis.
992 610 1072 659 Ab
1108 611 1338 679 Corcyra

57 684 107 731 in
141 684 357 749 proxima
392 680 521 747 Epiri
558 681 893 747 quinqueremi
930 679 1127 745 vtrajecit
1160 698 1172 729 ε
1205 681 1258 730 &
1289 683 1340 733 in

55 749 200 800 castra
224 748 447 799 Romana
468 751 655 816 magnis
680 747 931 797 itineribus
955 748 1206 797 contendit
1231 768 1242 797 τ
1265 752 1340 798 in·

51 818 114 868 de
151 818 302 868 Villio
342 816 526 867 dimisso
547 855 561 876 ‚
589 833 772 884 paucos
807 830 1020 864 moratus
1046 817 1146 865 dies
1169 855 1183 877 ‚
1219 817 1337 868 dum

49 885 98 936 se
120 889 274 952 copiae
306 886 364 934 ab
398 884 622 949 Corcyra
657 883 1046 951 assequerentur,
1080 883 1332 936 confilium

52 954 217 1003 habuit
239 992 253 1015 ‚
285 955 442 1004 utrum
468 952 598 1002 rtho
632 954 801 1003 itinere
827 970 912 1018 per
945 951 1090 1001 castra
1125 952 1337 1004 hostium

13 1066 17 1069 ,
51 1025 153 1072 vim
187 1022 348 1072 facere
387 1037 644 1071 conaretur
673 1037 684 1068 :
718 1040 808 1080 an,
844 1039 904 1069 ne
929 1022 1111 1069 tentata
1135 1022 1336 1088 quidem

49 1107 102 1140 re
123 1093 238 1139 tanti
261 1091 438 1140 laboris
467 1108 522 1139 ac
558 1090 755 1155 periculi
778 1127 792 1148 ,
822 1106 908 1155 per
932 1087 1227 1139 Dassaretios
1248 1109 1338 1157 po·-

48 1160 139 1208 tius
170 1159 453 1226 Lycumque
489 1172 594 1207 tuto
631 1159 826 1206 circuitu
865 1157 1212 1207 Macedoniam
1250 1161 1336 1207 in·-

48 1240 210 1277 traret.
244 1226 541 1294 Viciffetque
581 1243 638 1275 ea
673 1224 906 1274 sententia
930 1263 944 1284 ,
981 1228 1027 1273 ni
1068 1225 1294 1277 timuisset
1316 1266 1334 1290 ,

51 1311 115 1343 ne
137 1332 152 1355 ‚
182 1314 330 1362 quum
374 1314 399 1344 a
429 1297 549 1344 mari
580 1294 770 1361 longius
807 1292 1094 1354 recessisset,
1129 1294 1265 1344 misso
1301 1313 1332 1347 e

50 1365 270 1412 manibus
297 1362 468 1421 hoste,
501 1362 534 1410 fi
573 1362 744 1430 (quod
777 1378 915 1410 antea
948 1361 1175 1430 fecerat)
1208 1362 1330 1412 soli-

46 1429 288 1479 tudinibus
319 1431 555 1496 sylvisque
587 1430 633 1480 se
658 1431 800 1478 tutari
826 1447 910 1479 rex
937 1429 1195 1490 voluiffet‘,
1231 1431 1332 1483 fine

45 1498 146 1547 ullo
178 1497 350 1548 effestu
385 1497 514 1547 aestas
547 1500 911 1548 extraheretur.'
931 1498 1214 1566 Utcumque
1256 1500 1333 1550 es-

42 1564 114 1615 set
148 1568 320 1635 igitur,
363 1568 446 1617 illo
487 1567 590 1633 ipso
627 1583 727 1616 tam
765 1569 930 1631 iniquo
970 1568 1085 1617 loco
1126 1569 1327 1635 aggredi

46 1633 235 1685 hostem
279 1637 457 1702 placuit
497 1654 507 1684 :
546 1636 627 1686 sed
659 1638 811 1704 magis
845 1634 946 1684 fieri
982 1636 1031 1684 id
1063 1636 1288 1702 placebat
1314 1675 1331 1699 ‚

43 1702 189 1770 quam
223 1705 479 1769 quomodo
518 1704 690 1767 fieret,
730 1721 750 1773 5
790 1703 895 1753 satis
931 1705 1241 1770 expediebat.

111 1771 176 1821 X.
208 1771 332 1822 Dies
366 1774 708 1841 quadraginta,
747 1772 845 1823 fine
873 1771 972 1822 ullo
1008 1787 1185 1822 conatu
1206 1812 1221 1833 ,
1256 1773 1529 1851 se·c0nfhlf5.

42 1837 215 1890 dentes
249 1843 296 1890 in
323 1841 581 1906 conspeElu
598 1841 804 1892 hostium
836 1840 1207 1907 absumpserant.
1244 1841 1377 1893 In-c3·
1436 1857 1531 1898 Phi.

43 1906 106 1956 de
140 1908 242 1975 spes
277 1910 385 1960 data
406 1909 629 1978 Philippo
654 1911 719 1961 est
736 1950 750 1972 ,
774 1929 861 1978 per
879 1908 1185 1975 Epirotarum
1206 1916 1534 1978 gen-lippicol·

41 1987 146 2024 tem
179 1978 418 2028 tentandae
450 1982 578 2045 pacis
601 1980 896 2047 :habitoque
920 1979 1129 2028 concilio
1151 1978 1530 2035 deleffiloquiumo

39 2042 103 2092 ad
141 2060 249 2093 eam
284 2063 387 2095 rem
420 2048 656 2114 agendam
678 2087 692 2109 ,
728 2047 975 2098 Pausanias
1020 2062 1234 2112 praetor,
1271 2048 1326 2106 ὅ(

40 2109 322 2163 Alexander
355 2114 572 2183 magister
595 2119 812 2184 equitum
831 2156 845 2178 ‚
881 2114 1129 2166 consulem
1165 2116 1218 2165 &
1244 2133 1327 2166 re-

41 2195 191 2246 gem,
219 2183 299 2231 ubi
325 2185 371 2230 in
392 2183 659 2234 arftiffimas
690 2187 817 2251 ripas
836 2186 975 2235 Aous
1008 2186 1195 2252 cogitur
1219 2202 1327 2233 am-

39 2250 111 2298 ni's
131 2287 145 2310 ‚
184 2251 233 2299 in
269 2251 567 2319 colloquium
595 2254 913 2304 adduxerunt.
937 2254 1136 2304 Summa
1159 2252 1329 2320 postu-

38 2314 248 2368 latorum
294 2319 499 2371 consulis
536 2336 637 2372 erat
659 2360 672 2382 ‚
707 2322 922 2388 praefidia
954 2340 1014 2373 ex
1056 2323 1337 2372 civitatibus.

38 2401 126 2435 rex
154 2387 417 2439 deduceret
443 2406 454 2438 t
491 2389 545 2437 iis
582 2408 787 2456 quorum
815 2410 957 2459 agros
979 2392 1213 2459 urbesque
1237 2411 1336 2457 po-

38 2453 225 2521 pulatus
250 2454 363 2506 effet
380 2495 395 2519 ‚
426 2458 655 2508 redderet
678 2476 752 2509 res
769 2498 785 2522 ‚
822 2478 926 2527 quae
951 2473 1292 2528 comparerent
1312 2477 1332 2510 ε

108 2552 128 2590 5
190 2541 299 2582 Satis
349 2546 595 2600 expediebat.
641 2555 645 2584 1
714 2547 819 2589 iniis
842 2550 1181 2605 quaepraecedunt
1199 2549 1327 2589 verba

39 2598 200 2655 Nempe
223 2630 235 2650 ,
266 2605 402 2646 consul
424 2604 499 2648 z'ut
531 2608 650 2649 facile
713 2608 799 2649 fer'e
831 2612 965 2653 omnia
1004 2612 1053 2654 ad
1088 2625 1180 2654 eum
1216 2610 1335 2654 tese-

41 2660 247 2719 iuppletut
277 2679 329 2710 ex
352 2666 463 2710 sensu
486 2700 504 2722 ,.
528 2684 651 2725 quum
714 2681 877 2716 rantur*
1320 2659 1327 2667 ¹
