<?xml version="1.0" encoding="UTF-8"?>
<!DOCTYPE html PUBLIC "-//W3C//DTD XHTML 1.0 Transitional//EN"
    "http://www.w3.org/TR/xhtml1/DTD/xhtml1-transitional.dtd">
<html xmlns="http://www.w3.org/1999/xhtml" xml:lang="en" lang="en">
 <head>
  <title>
</title>
<meta http-equiv="Content-Type" content="text/html;charset=utf-8" />
  <meta name='ocr-system' content='tesseract 3.04.00' />
  <meta name='ocr-capabilities' content='ocr_page ocr_carea ocr_par ocr_line ocrx_word'/>
</head>
<body>
  <div class='ocr_page' id='page_1' title='image "./tliviipatavinihi0301livy_0393.png"; bbox 0 0 1680 3052; ppageno 0'>
   <div class='ocr_carea' id='block_1_1' title="bbox 303 117 1357 194">
    <p class='ocr_par' dir='ltr' id='par_1_1' title="bbox 303 117 1357 194">
     <span class='ocr_line' id='line_1_1' title="bbox 303 117 1357 194; baseline 0 -17"><span class='ocrx_word' id='word_1_1' title='bbox 303 119 348 177; x_wconf 92' lang='lat' dir='ltr'>L</span> <span class='ocrx_word' id='word_1_2' title='bbox 393 136 413 176; x_wconf 91' lang='lat'>1</span> <span class='ocrx_word' id='word_1_3' title='bbox 458 135 492 176; x_wconf 87' lang='lat' dir='ltr'>B</span> <span class='ocrx_word' id='word_1_4' title='bbox 539 135 574 176; x_wconf 74' lang='lat' dir='ltr'><strong>E</strong></span> <span class='ocrx_word' id='word_1_5' title='bbox 619 136 657 175; x_wconf 84' lang='lat' dir='ltr'>R</span> <span class='ocrx_word' id='word_1_6' title='bbox 754 117 1112 177; x_wconf 81' lang='lat' dir='ltr'>XXXVI.</span> <span class='ocrx_word' id='word_1_7' title='bbox 1245 117 1357 194; x_wconf 72' lang='lat'>389</span> 
     </span>
    </p>
   </div>
   <div class='ocr_carea' id='block_1_2' title="bbox 84 198 1564 334">
    <p class='ocr_par' dir='ltr' id='par_1_2' title="bbox 84 198 1564 334">
     <span class='ocr_line' id='line_1_2' title="bbox 87 198 1564 267; baseline -0.001 -19"><span class='ocrx_word' id='word_1_8' title='bbox 87 199 227 250; x_wconf 85' lang='lat' dir='ltr'>armis</span> <span class='ocrx_word' id='word_1_9' title='bbox 263 216 364 249; x_wconf 89' lang='lat' dir='ltr'>rem</span> <span class='ocrx_word' id='word_1_10' title='bbox 391 200 654 267; x_wconf 86' lang='lat' dir='ltr'>gerendam</span> <span class='ocrx_word' id='word_1_11' title='bbox 675 236 690 256; x_wconf 87' lang='lat'><strong><em>,</em></strong></span> <span class='ocrx_word' id='word_1_12' title='bbox 723 198 774 247; x_wconf 89' lang='lat'>&amp;</span> <span class='ocrx_word' id='word_1_13' title='bbox 796 235 810 259; x_wconf 79' lang='lat'>‚</span> <span class='ocrx_word' id='word_1_14' title='bbox 840 215 951 265; x_wconf 82' lang='lat' dir='ltr'>rege</span> <span class='ocrx_word' id='word_1_15' title='bbox 972 199 1193 264; x_wconf 81' lang='lat' dir='ltr'>superato</span> <span class='ocrx_word' id='word_1_16' title='bbox 1215 237 1228 258; x_wconf 82' lang='lat'>‚</span> <span class='ocrx_word' id='word_1_17' title='bbox 1260 199 1564 263; x_wconf 73' lang='lat' dir='ltr'>bel-U.c,561,</span> 
     </span>
     <span class='ocr_line' id='line_1_3' title="bbox 84 265 1561 334; baseline 0 -20"><span class='ocrx_word' id='word_1_18' title='bbox 84 266 184 315; x_wconf 88' lang='lat' dir='ltr'>lum</span> <span class='ocrx_word' id='word_1_19' title='bbox 205 267 470 317; x_wconf 88' lang='lat' dir='ltr'>AEtolicum</span> <span class='ocrx_word' id='word_1_20' title='bbox 490 271 730 334; x_wconf 83' lang='lat' dir='ltr'>integrum</span> <span class='ocrx_word' id='word_1_21' title='bbox 751 265 947 326; x_wconf 60' lang='lat' dir='ltr'>restare,</span> <span class='ocrx_word' id='word_1_22' title='bbox 967 265 1113 314; x_wconf 85' lang='lat' dir='ltr'>castra</span> <span class='ocrx_word' id='word_1_23' title='bbox 1131 267 1189 313; x_wconf 85' lang='lat' dir='ltr'>ab</span> <span class='ocrx_word' id='word_1_24' title='bbox 1202 266 1358 314; x_wconf 87' lang='lat' dir='ltr'>Ther·</span> <span class='ocrx_word' id='word_1_25' title='bbox 1374 265 1561 307; x_wconf 59' lang='lat' dir='ltr'>ss-C-Iffl-</span> 
     </span>
    </p>
   </div>
   <div class='ocr_carea' id='block_1_3' title="bbox 86 324 1563 498">
    <p class='ocr_par' dir='ltr' id='par_1_3' title="bbox 86 324 1563 498">
     <span class='ocr_line' id='line_1_4' title="bbox 86 324 1563 400; baseline -0.01 -11"><span class='ocrx_word' id='word_1_26' title='bbox 86 335 300 400; x_wconf 82' lang='lat' dir='ltr'>mopylis</span> <span class='ocrx_word' id='word_1_27' title='bbox 331 336 391 384; x_wconf 89' lang='lat' dir='ltr'>ad</span> <span class='ocrx_word' id='word_1_28' title='bbox 408 335 696 383; x_wconf 80' lang='lat' dir='ltr'>Heracleam</span> <span class='ocrx_word' id='word_1_29' title='bbox 722 338 876 383; x_wconf 88' lang='lat' dir='ltr'>movit</span> <span class='ocrx_word' id='word_1_30' title='bbox 904 351 913 379; x_wconf 93' lang='lat'>:</span> <span class='ocrx_word' id='word_1_31' title='bbox 942 351 1102 398; x_wconf 86' lang='lat' dir='ltr'>eoque</span> <span class='ocrx_word' id='word_1_32' title='bbox 1127 333 1226 399; x_wconf 83' lang='lat' dir='ltr'>ipso</span> <span class='ocrx_word' id='word_1_33' title='bbox 1248 335 1324 381; x_wconf 82' lang='lat' dir='ltr'>die</span> <span class='ocrx_word' id='word_1_34' title='bbox 1344 370 1359 393; x_wconf 91' lang='lat'>,</span> <span class='ocrx_word' id='word_1_35' title='bbox 1433 324 1563 363; x_wconf 57' lang='lat' dir='ltr'>Hera-</span> 
     </span>
     <span class='ocr_line' id='line_1_5' title="bbox 87 385 1517 498; baseline -0.003 -50"><span class='ocrx_word' id='word_1_36' title='bbox 87 416 137 449; x_wconf 87' lang='lat' dir='ltr'>ut</span> <span class='ocrx_word' id='word_1_37' title='bbox 172 401 310 450; x_wconf 84' lang='lat' dir='ltr'>fitum</span> <span class='ocrx_word' id='word_1_38' title='bbox 345 403 563 451; x_wconf 85' lang='lat' dir='ltr'>nosceret</span> <span class='ocrx_word' id='word_1_39' title='bbox 595 403 754 462; x_wconf 84' lang='lat' dir='ltr'>urbis,</span> <span class='ocrx_word' id='word_1_40' title='bbox 790 402 848 450; x_wconf 89' lang='lat' dir='ltr'>ab</span> <span class='ocrx_word' id='word_1_41' title='bbox 885 403 1020 449; x_wconf 86' lang='lat' dir='ltr'>omni</span> <span class='ocrx_word' id='word_1_42' title='bbox 1054 416 1187 466; x_wconf 83' lang='lat' dir='ltr'>parte</span> <span class='ocrx_word' id='word_1_43' title='bbox 1230 385 1517 498; x_wconf 43' lang='lat' dir='ltr'>equogisssfzc</span> 
     </span>
    </p>
   </div>
   <div class='ocr_carea' id='block_1_4' title="bbox 84 468 1363 669">
    <p class='ocr_par' dir='ltr' id='par_1_4' title="bbox 84 468 1363 669">
     <span class='ocr_line' id='line_1_6' title="bbox 84 468 1359 519; baseline 0 -4"><span class='ocrx_word' id='word_1_44' title='bbox 84 471 264 516; x_wconf 86' lang='lat' dir='ltr'>moenia</span> <span class='ocrx_word' id='word_1_45' title='bbox 295 468 360 518; x_wconf 89' lang='lat' dir='ltr'>est</span> <span class='ocrx_word' id='word_1_46' title='bbox 394 470 755 519; x_wconf 60' lang='lat' dir='ltr'>circumveelus.</span> <span class='ocrx_word' id='word_1_47' title='bbox 795 469 895 518; x_wconf 86' lang='lat' dir='ltr'>Sita</span> <span class='ocrx_word' id='word_1_48' title='bbox 934 468 999 517; x_wconf 89' lang='lat' dir='ltr'>est</span> <span class='ocrx_word' id='word_1_49' title='bbox 1045 468 1359 516; x_wconf 80' lang='lat' dir='ltr'>Heracleam</span> 
     </span>
     <span class='ocr_line' id='line_1_7' title="bbox 85 536 1362 602; baseline -0.001 -19"><span class='ocrx_word' id='word_1_50' title='bbox 85 536 321 588; x_wconf 85' lang='lat' dir='ltr'>radicibus</span> <span class='ocrx_word' id='word_1_51' title='bbox 356 536 501 587; x_wconf 83' lang='lat' dir='ltr'>Oetae</span> <span class='ocrx_word' id='word_1_52' title='bbox 545 539 723 586; x_wconf 89' lang='lat' dir='ltr'>montis</span> <span class='ocrx_word' id='word_1_53' title='bbox 759 554 769 583; x_wconf 91' lang='lat'><strong>:</strong></span> <span class='ocrx_word' id='word_1_54' title='bbox 809 536 906 602; x_wconf 86' lang='lat' dir='ltr'>ipsa</span> <span class='ocrx_word' id='word_1_55' title='bbox 947 539 994 583; x_wconf 89' lang='lat' dir='ltr'>in</span> <span class='ocrx_word' id='word_1_56' title='bbox 1030 553 1203 601; x_wconf 80' lang='lat' dir='ltr'>campo</span> <span class='ocrx_word' id='word_1_57' title='bbox 1226 571 1241 594; x_wconf 86' lang='lat'>‚</span> <span class='ocrx_word' id='word_1_58' title='bbox 1277 553 1362 583; x_wconf 82' lang='lat' dir='ltr'>ar-</span> 
     </span>
     <span class='ocr_line' id='line_1_8' title="bbox 86 604 1363 669; baseline -0.001 -18"><span class='ocrx_word' id='word_1_59' title='bbox 86 619 194 652; x_wconf 89' lang='lat' dir='ltr'>cem</span> <span class='ocrx_word' id='word_1_60' title='bbox 232 606 571 658; x_wconf 83' lang='lat' dir='ltr'>imminentem</span> <span class='ocrx_word' id='word_1_61' title='bbox 606 606 717 654; x_wconf 90' lang='lat' dir='ltr'>loco</span> <span class='ocrx_word' id='word_1_62' title='bbox 753 605 850 652; x_wconf 88' lang='lat' dir='ltr'>alto</span> <span class='ocrx_word' id='word_1_63' title='bbox 880 604 931 652; x_wconf 86' lang='lat'>&amp;</span> <span class='ocrx_word' id='word_1_64' title='bbox 958 604 1170 669; x_wconf 84' lang='lat' dir='ltr'>undique</span> <span class='ocrx_word' id='word_1_65' title='bbox 1195 604 1363 668; x_wconf 83' lang='lat' dir='ltr'>praeci-</span> 
     </span>
    </p>
   </div>
   <div class='ocr_carea' id='block_1_5' title="bbox 41 671 1362 737">
    <p class='ocr_par' dir='ltr' id='par_1_5' title="bbox 41 671 1362 737">
     <span class='ocr_line' id='line_1_9' title="bbox 41 671 1362 737; baseline 0.002 -20"><span class='ocrx_word' id='word_1_66' title='bbox 41 693 44 696; x_wconf 93' lang='lat'><em>·</em></span> <span class='ocrx_word' id='word_1_67' title='bbox 84 672 171 737; x_wconf 86' lang='lat' dir='ltr'>piti</span> <span class='ocrx_word' id='word_1_68' title='bbox 206 673 367 721; x_wconf 89' lang='lat' dir='ltr'>habet.</span> <span class='ocrx_word' id='word_1_69' title='bbox 394 672 774 737; x_wconf 79' lang='lat' dir='ltr'>Contemplatus</span> <span class='ocrx_word' id='word_1_70' title='bbox 807 673 970 720; x_wconf 86' lang='lat' dir='ltr'>omnia</span> <span class='ocrx_word' id='word_1_71' title='bbox 993 689 1098 736; x_wconf 83' lang='lat' dir='ltr'>quae</span> <span class='ocrx_word' id='word_1_72' title='bbox 1121 671 1362 720; x_wconf 85' lang='lat' dir='ltr'>noscenda</span> 
     </span>
    </p>
   </div>
   <div class='ocr_carea' id='block_1_6' title="bbox 82 739 1365 1892">
    <p class='ocr_par' dir='ltr' id='par_1_6' title="bbox 82 739 1365 1892">
     <span class='ocr_line' id='line_1_10' title="bbox 91 739 1363 806; baseline 0 -20"><span class='ocrx_word' id='word_1_73' title='bbox 91 754 225 787; x_wconf 86' lang='lat' dir='ltr'>erant</span> <span class='ocrx_word' id='word_1_74' title='bbox 243 777 258 799; x_wconf 90' lang='lat'>‚</span> <span class='ocrx_word' id='word_1_75' title='bbox 292 757 496 805; x_wconf 80' lang='lat' dir='ltr'>quatuor</span> <span class='ocrx_word' id='word_1_76' title='bbox 518 740 653 788; x_wconf 85' lang='lat' dir='ltr'>fimul</span> <span class='ocrx_word' id='word_1_77' title='bbox 671 741 790 788; x_wconf 92' lang='lat' dir='ltr'>locis</span> <span class='ocrx_word' id='word_1_78' title='bbox 818 739 1012 806; x_wconf 73' lang='lat' dir='ltr'>aggredi</span> <span class='ocrx_word' id='word_1_79' title='bbox 1042 740 1211 788; x_wconf 83' lang='lat' dir='ltr'>urbem</span> <span class='ocrx_word' id='word_1_80' title='bbox 1239 757 1363 787; x_wconf 87' lang='lat' dir='ltr'>con—</span> 
     </span>
     <span class='ocr_line' id='line_1_11' title="bbox 84 804 1363 874; baseline 0.002 -21"><span class='ocrx_word' id='word_1_81' title='bbox 84 804 260 866; x_wconf 80' lang='lat' dir='ltr'>stituit3</span> <span class='ocrx_word' id='word_1_82' title='bbox 294 826 319 855; x_wconf 89' lang='lat' dir='ltr'>a</span> <span class='ocrx_word' id='word_1_83' title='bbox 354 808 550 856; x_wconf 86' lang='lat' dir='ltr'>flumine</span> <span class='ocrx_word' id='word_1_84' title='bbox 595 807 763 872; x_wconf 87' lang='lat' dir='ltr'>Asopo</span> <span class='ocrx_word' id='word_1_85' title='bbox 787 844 801 867; x_wconf 82' lang='grc'><em>,</em></span> <span class='ocrx_word' id='word_1_86' title='bbox 835 809 929 873; x_wconf 69' lang='lat' dir='ltr'>qua</span> <span class='ocrx_word' id='word_1_87' title='bbox 965 808 1015 855; x_wconf 65' lang='grc' dir='ltr'>ὃ(</span> <span class='ocrx_word' id='word_1_88' title='bbox 1056 806 1363 874; x_wconf 77' lang='lat' dir='ltr'>gymnafium</span> 
     </span>
     <span class='ocr_line' id='line_1_12' title="bbox 84 873 1363 941; baseline 0.001 -19"><span class='ocrx_word' id='word_1_89' title='bbox 84 873 151 922; x_wconf 90' lang='lat' dir='ltr'>est</span> <span class='ocrx_word' id='word_1_90' title='bbox 175 911 189 933; x_wconf 83' lang='lat'><strong><em>‚</em></strong></span> <span class='ocrx_word' id='word_1_91' title='bbox 226 875 282 923; x_wconf 91' lang='lat' dir='ltr'>L.</span> <span class='ocrx_word' id='word_1_92' title='bbox 300 874 551 924; x_wconf 76' lang='lat' dir='ltr'>Valerium</span> <span class='ocrx_word' id='word_1_93' title='bbox 583 875 807 941; x_wconf 85' lang='lat' dir='ltr'>operibus</span> <span class='ocrx_word' id='word_1_94' title='bbox 842 890 982 941; x_wconf 85' lang='lat' dir='ltr'>atque</span> <span class='ocrx_word' id='word_1_95' title='bbox 1006 877 1363 941; x_wconf 72' lang='lat' dir='ltr'>oppugnationi</span> 
     </span>
     <span class='ocr_line' id='line_1_13' title="bbox 85 944 1365 1008; baseline 0.002 -20"><span class='ocrx_word' id='word_1_96' title='bbox 85 944 368 1008; x_wconf 75' lang='lat' dir='ltr'>praeposuit:</span> <span class='ocrx_word' id='word_1_97' title='bbox 397 960 414 990; x_wconf 93' lang='lat'>1</span> <span class='ocrx_word' id='word_1_98' title='bbox 448 961 606 993; x_wconf 88' lang='lat' dir='ltr'>arcem</span> <span class='ocrx_word' id='word_1_99' title='bbox 629 960 758 991; x_wconf 84' lang='lat' dir='ltr'>extra</span> <span class='ocrx_word' id='word_1_100' title='bbox 783 961 944 991; x_wconf 84' lang='lat' dir='ltr'>muros</span> <span class='ocrx_word' id='word_1_101' title='bbox 965 981 977 1000; x_wconf 86' lang='lat'>,</span> <span class='ocrx_word' id='word_1_102' title='bbox 1003 962 1107 1008; x_wconf 82' lang='lat' dir='ltr'>quae</span> <span class='ocrx_word' id='word_1_103' title='bbox 1132 945 1365 1008; x_wconf 75' lang='lat' dir='ltr'>frequen-</span> 
     </span>
     <span class='ocr_line' id='line_1_14' title="bbox 84 1010 1365 1077; baseline 0 -19"><span class='ocrx_word' id='word_1_104' title='bbox 84 1010 175 1058; x_wconf 72' lang='lat' dir='ltr'>tius</span> <span class='ocrx_word' id='word_1_105' title='bbox 210 1027 364 1076; x_wconf 82' lang='lat' dir='ltr'>prope</span> <span class='ocrx_word' id='word_1_106' title='bbox 403 1011 546 1077; x_wconf 74' lang='lat' dir='ltr'>quam</span> <span class='ocrx_word' id='word_1_107' title='bbox 583 1012 694 1059; x_wconf 89' lang='lat' dir='ltr'>urbs</span> <span class='ocrx_word' id='word_1_108' title='bbox 731 1010 1062 1071; x_wconf 80' lang='lat' dir='ltr'>habitabatur,</span> <span class='ocrx_word' id='word_1_109' title='bbox 1098 1010 1177 1059; x_wconf 83' lang='lat' dir='ltr'>Ti.</span> <span class='ocrx_word' id='word_1_110' title='bbox 1215 1011 1365 1060; x_wconf 82' lang='lat' dir='ltr'>Sem-</span> 
     </span>
     <span class='ocr_line' id='line_1_15' title="bbox 83 1078 1365 1144; baseline 0.002 -20"><span class='ocrx_word' id='word_1_111' title='bbox 83 1082 260 1142; x_wconf 89' lang='lat' dir='ltr'>pronio</span> <span class='ocrx_word' id='word_1_112' title='bbox 282 1078 454 1144; x_wconf 73' lang='lat' dir='ltr'>Longo</span> <span class='ocrx_word' id='word_1_113' title='bbox 480 1078 855 1144; x_wconf 80' lang='lat' dir='ltr'>oppugnandam</span> <span class='ocrx_word' id='word_1_114' title='bbox 887 1079 1019 1126; x_wconf 84' lang='lat' dir='ltr'>dedit</span> <span class='ocrx_word' id='word_1_115' title='bbox 1044 1096 1053 1126; x_wconf 90' lang='grc'>;</span> <span class='ocrx_word' id='word_1_116' title='bbox 1076 1097 1099 1125; x_wconf 88' lang='lat' dir='ltr'>a</span> <span class='ocrx_word' id='word_1_117' title='bbox 1132 1078 1229 1126; x_wconf 78' lang='lat' dir='ltr'>sinu</span> <span class='ocrx_word' id='word_1_118' title='bbox 1257 1078 1365 1127; x_wconf 82' lang='lat' dir='ltr'>Ma-</span> 
     </span>
     <span class='ocr_line' id='line_1_16' title="bbox 82 1145 1361 1211; baseline 0.001 -18"><span class='ocrx_word' id='word_1_119' title='bbox 82 1146 237 1202; x_wconf 81' lang='lat' dir='ltr'>liaco,</span> <span class='ocrx_word' id='word_1_120' title='bbox 276 1164 381 1211; x_wconf 81' lang='lat' dir='ltr'>quae</span> <span class='ocrx_word' id='word_1_121' title='bbox 402 1146 582 1194; x_wconf 78' lang='lat' dir='ltr'>aditum</span> <span class='ocrx_word' id='word_1_122' title='bbox 611 1147 736 1194; x_wconf 90' lang='lat' dir='ltr'>haud</span> <span class='ocrx_word' id='word_1_123' title='bbox 769 1145 960 1194; x_wconf 80' lang='lat' dir='ltr'>facilem</span> <span class='ocrx_word' id='word_1_124' title='bbox 986 1164 1093 1211; x_wconf 85' lang='lat' dir='ltr'>pars</span> <span class='ocrx_word' id='word_1_125' title='bbox 1118 1147 1361 1206; x_wconf 78' lang='lat' dir='ltr'>habebat,</span> 
     </span>
     <span class='ocr_line' id='line_1_17' title="bbox 85 1212 1364 1280; baseline 0.002 -19"><span class='ocrx_word' id='word_1_126' title='bbox 85 1213 162 1261; x_wconf 84' lang='lat' dir='ltr'>M.</span> <span class='ocrx_word' id='word_1_127' title='bbox 198 1214 410 1262; x_wconf 60' lang='lat' dir='ltr'>Baebium</span> <span class='ocrx_word' id='word_1_128' title='bbox 438 1232 451 1274; x_wconf 79' lang='lat'>3</span> <span class='ocrx_word' id='word_1_129' title='bbox 480 1215 538 1262; x_wconf 84' lang='lat' dir='ltr'>ab</span> <span class='ocrx_word' id='word_1_130' title='bbox 571 1212 720 1262; x_wconf 81' lang='lat' dir='ltr'>altero</span> <span class='ocrx_word' id='word_1_131' title='bbox 755 1215 996 1262; x_wconf 87' lang='lat' dir='ltr'>amniculo</span> <span class='ocrx_word' id='word_1_132' title='bbox 1023 1252 1036 1270; x_wconf 90' lang='lat'>‚</span> <span class='ocrx_word' id='word_1_133' title='bbox 1067 1232 1212 1280; x_wconf 72' lang='lat' dir='ltr'>quem</span> <span class='ocrx_word' id='word_1_134' title='bbox 1242 1214 1364 1263; x_wconf 83' lang='lat' dir='ltr'>Me-</span> 
     </span>
     <span class='ocr_line' id='line_1_18' title="bbox 85 1280 1364 1348; baseline 0.001 -19"><span class='ocrx_word' id='word_1_135' title='bbox 85 1280 193 1329; x_wconf 85' lang='lat' dir='ltr'>lana</span> <span class='ocrx_word' id='word_1_136' title='bbox 221 1297 428 1341; x_wconf 82' lang='lat' dir='ltr'>vocant‚</span> <span class='ocrx_word' id='word_1_137' title='bbox 462 1282 689 1331; x_wconf 61' lang='lat' dir='ltr'>adversus</span> <span class='ocrx_word' id='word_1_138' title='bbox 725 1280 895 1329; x_wconf 84' lang='lat' dir='ltr'>Dianae</span> <span class='ocrx_word' id='word_1_139' title='bbox 930 1283 1167 1347; x_wconf 80' lang='lat' dir='ltr'>templum</span> <span class='ocrx_word' id='word_1_140' title='bbox 1192 1320 1206 1341; x_wconf 80' lang='lat'>‚</span> <span class='ocrx_word' id='word_1_141' title='bbox 1246 1284 1364 1348; x_wconf 83' lang='lat' dir='ltr'>Ap-</span> 
     </span>
     <span class='ocr_line' id='line_1_19' title="bbox 86 1348 1364 1416; baseline 0.001 -20"><span class='ocrx_word' id='word_1_142' title='bbox 86 1350 218 1414; x_wconf 88' lang='lat' dir='ltr'>pium</span> <span class='ocrx_word' id='word_1_143' title='bbox 240 1348 496 1398; x_wconf 83' lang='lat' dir='ltr'>Claudium</span> <span class='ocrx_word' id='word_1_144' title='bbox 525 1349 764 1416; x_wconf 82' lang='lat' dir='ltr'>opposuit.</span> <span class='ocrx_word' id='word_1_145' title='bbox 785 1366 812 1396; x_wconf 89' lang='lat'>2</span> <span class='ocrx_word' id='word_1_146' title='bbox 843 1350 1034 1398; x_wconf 84' lang='lat' dir='ltr'>Horum</span> <span class='ocrx_word' id='word_1_147' title='bbox 1057 1368 1234 1416; x_wconf 80' lang='lat' dir='ltr'>magno</span> <span class='ocrx_word' id='word_1_148' title='bbox 1257 1367 1364 1398; x_wconf 90' lang='lat' dir='ltr'>cer-</span> 
     </span>
     <span class='ocr_line' id='line_1_20' title="bbox 85 1418 1362 1484; baseline 0.002 -21"><span class='ocrx_word' id='word_1_149' title='bbox 85 1419 267 1466; x_wconf 86' lang='lat' dir='ltr'>tamine</span> <span class='ocrx_word' id='word_1_150' title='bbox 297 1419 419 1465; x_wconf 85' lang='lat' dir='ltr'>intra</span> <span class='ocrx_word' id='word_1_151' title='bbox 445 1436 621 1483; x_wconf 91' lang='lat' dir='ltr'>paucos</span> <span class='ocrx_word' id='word_1_152' title='bbox 647 1418 746 1466; x_wconf 87' lang='lat' dir='ltr'>dies</span> <span class='ocrx_word' id='word_1_153' title='bbox 782 1433 934 1466; x_wconf 88' lang='lat' dir='ltr'>turres</span> <span class='ocrx_word' id='word_1_154' title='bbox 954 1455 968 1475; x_wconf 94' lang='lat'><strong>,</strong></span> <span class='ocrx_word' id='word_1_155' title='bbox 992 1419 1254 1484; x_wconf 77' lang='lat' dir='ltr'>arietesque</span> <span class='ocrx_word' id='word_1_156' title='bbox 1274 1455 1288 1477; x_wconf 77' lang='lat'><strong>‚</strong></span> <span class='ocrx_word' id='word_1_157' title='bbox 1309 1418 1362 1466; x_wconf 84' lang='lat'>&amp;</span> 
     </span>
     <span class='ocr_line' id='line_1_21' title="bbox 83 1484 1363 1552; baseline 0.002 -21"><span class='ocrx_word' id='word_1_158' title='bbox 83 1484 197 1532; x_wconf 90' lang='lat' dir='ltr'>alius</span> <span class='ocrx_word' id='word_1_159' title='bbox 233 1487 388 1534; x_wconf 88' lang='lat' dir='ltr'>omnis</span> <span class='ocrx_word' id='word_1_160' title='bbox 419 1502 671 1552; x_wconf 72' lang='lat' dir='ltr'>apparatus</span> <span class='ocrx_word' id='word_1_161' title='bbox 704 1486 1138 1552; x_wconf 80' lang='lat' dir='ltr'>oppugnandarum</span> <span class='ocrx_word' id='word_1_162' title='bbox 1172 1487 1363 1533; x_wconf 86' lang='lat' dir='ltr'>urbium</span> 
     </span>
     <span class='ocr_line' id='line_1_22' title="bbox 84 1550 1364 1620; baseline 0.001 -20"><span class='ocrx_word' id='word_1_163' title='bbox 84 1550 346 1619; x_wconf 85' lang='lat' dir='ltr'>perficitur.</span> <span class='ocrx_word' id='word_1_164' title='bbox 378 1551 438 1600; x_wconf 85' lang='lat' dir='ltr'>Et</span> <span class='ocrx_word' id='word_1_165' title='bbox 471 1571 619 1619; x_wconf 89' lang='lat' dir='ltr'>quum</span> <span class='ocrx_word' id='word_1_166' title='bbox 649 1572 762 1620; x_wconf 82' lang='lat' dir='ltr'>ager</span> <span class='ocrx_word' id='word_1_167' title='bbox 792 1553 1122 1601; x_wconf 73' lang='lat' dir='ltr'>Heracleensis</span> <span class='ocrx_word' id='word_1_168' title='bbox 1156 1553 1364 1619; x_wconf 87' lang='lat' dir='ltr'>paluster</span> 
     </span>
     <span class='ocr_line' id='line_1_23' title="bbox 87 1620 1364 1688; baseline 0.001 -20"><span class='ocrx_word' id='word_1_169' title='bbox 87 1622 246 1669; x_wconf 90' lang='lat' dir='ltr'>omnis</span> <span class='ocrx_word' id='word_1_170' title='bbox 281 1620 598 1688; x_wconf 84' lang='lat' dir='ltr'>frequensque</span> <span class='ocrx_word' id='word_1_171' title='bbox 644 1624 857 1687; x_wconf 89' lang='lat' dir='ltr'>proceris</span> <span class='ocrx_word' id='word_1_172' title='bbox 894 1622 1140 1670; x_wconf 84' lang='lat' dir='ltr'>arboribus</span> <span class='ocrx_word' id='word_1_173' title='bbox 1163 1660 1176 1680; x_wconf 81' lang='lat'><strong>‚</strong></span> <span class='ocrx_word' id='word_1_174' title='bbox 1218 1622 1364 1670; x_wconf 80' lang='lat' dir='ltr'>beni-</span> 
     </span>
     <span class='ocr_line' id='line_1_24' title="bbox 85 1685 1362 1756; baseline 0.001 -21"><span class='ocrx_word' id='word_1_175' title='bbox 85 1688 179 1755; x_wconf 74' lang='lat' dir='ltr'>gne</span> <span class='ocrx_word' id='word_1_176' title='bbox 220 1687 280 1736; x_wconf 91' lang='lat' dir='ltr'>ad</span> <span class='ocrx_word' id='word_1_177' title='bbox 319 1685 465 1737; x_wconf 89' lang='lat' dir='ltr'>omne</span> <span class='ocrx_word' id='word_1_178' title='bbox 511 1706 662 1756; x_wconf 86' lang='lat' dir='ltr'>genus</span> <span class='ocrx_word' id='word_1_179' title='bbox 700 1706 903 1755; x_wconf 86' lang='lat' dir='ltr'>operum</span> <span class='ocrx_word' id='word_1_180' title='bbox 952 1692 1201 1738; x_wconf 75' lang='lat' dir='ltr'>materiam</span> <span class='ocrx_word' id='word_1_181' title='bbox 1245 1689 1362 1754; x_wconf 84' lang='lat' dir='ltr'>sup-</span> 
     </span>
     <span class='ocr_line' id='line_1_25' title="bbox 85 1756 1363 1824; baseline 0.002 -20"><span class='ocrx_word' id='word_1_182' title='bbox 85 1756 365 1822; x_wconf 89' lang='lat' dir='ltr'>peditabat;</span> <span class='ocrx_word' id='word_1_183' title='bbox 401 1772 536 1818; x_wconf 87' lang='lat' dir='ltr'>tum,</span> <span class='ocrx_word' id='word_1_184' title='bbox 572 1760 681 1824; x_wconf 90' lang='lat' dir='ltr'>quia</span> <span class='ocrx_word' id='word_1_185' title='bbox 713 1757 986 1824; x_wconf 80' lang='lat' dir='ltr'>refugerant</span> <span class='ocrx_word' id='word_1_186' title='bbox 1020 1760 1141 1806; x_wconf 87' lang='lat' dir='ltr'>intra</span> <span class='ocrx_word' id='word_1_187' title='bbox 1183 1761 1363 1806; x_wconf 80' lang='lat' dir='ltr'>moenia</span> 
     </span>
     <span class='ocr_line' id='line_1_26' title="bbox 83 1823 1363 1892; baseline -0.001 -18"><span class='ocrx_word' id='word_1_188' title='bbox 83 1823 262 1886; x_wconf 89' lang='lat' dir='ltr'>AEtoli,</span> <span class='ocrx_word' id='word_1_189' title='bbox 286 1823 482 1874; x_wconf 86' lang='lat' dir='ltr'>deserta</span> <span class='ocrx_word' id='word_1_190' title='bbox 503 1862 518 1887; x_wconf 88' lang='lat'><strong>,</strong></span> <span class='ocrx_word' id='word_1_191' title='bbox 549 1843 652 1892; x_wconf 83' lang='lat' dir='ltr'>quae</span> <span class='ocrx_word' id='word_1_192' title='bbox 682 1827 730 1875; x_wconf 89' lang='lat' dir='ltr'>in</span> <span class='ocrx_word' id='word_1_193' title='bbox 762 1825 998 1875; x_wconf 84' lang='lat' dir='ltr'>vestibulo</span> <span class='ocrx_word' id='word_1_194' title='bbox 1032 1827 1159 1874; x_wconf 85' lang='lat' dir='ltr'>urbis</span> <span class='ocrx_word' id='word_1_195' title='bbox 1193 1840 1363 1886; x_wconf 79' lang='lat' dir='ltr'>erant,</span> 
     </span>
    </p>
   </div>
   <div class='ocr_carea' id='block_1_7' title="bbox 83 1976 693 2706">
    <p class='ocr_par' dir='ltr' id='par_1_7' title="bbox 83 1976 693 2706">
     <span class='ocr_line' id='line_1_27' title="bbox 153 1976 690 2025; baseline 0.002 -9"><span class='ocrx_word' id='word_1_196' title='bbox 153 1989 169 2016; x_wconf 94' lang='lat'>1</span> <span class='ocrx_word' id='word_1_197' title='bbox 209 1976 351 2016; x_wconf 85' lang='lat' dir='ltr'>Arcem</span> <span class='ocrx_word' id='word_1_198' title='bbox 389 1990 501 2017; x_wconf 81' lang='lat' dir='ltr'>extra</span> <span class='ocrx_word' id='word_1_199' title='bbox 535 1993 690 2025; x_wconf 76' lang='lat' dir='ltr'>muros,</span> 
     </span>
     <span class='ocr_line' id='line_1_28' title="bbox 86 2036 692 2094; baseline 0.005 -18"><span class='ocrx_word' id='word_1_200' title='bbox 86 2053 164 2093; x_wconf 76' lang='lat' dir='ltr'>quae</span> <span class='ocrx_word' id='word_1_201' title='bbox 177 2036 422 2091; x_wconf 64' lang='lat' dir='ltr'>frequentids</span> <span class='ocrx_word' id='word_1_202' title='bbox 440 2054 564 2093; x_wconf 78' lang='lat' dir='ltr'>prope</span> <span class='ocrx_word' id='word_1_203' title='bbox 582 2041 692 2094; x_wconf 73' lang='lat' dir='ltr'>qudm</span> 
     </span>
     <span class='ocr_line' id='line_1_29' title="bbox 87 2099 690 2154; baseline 0.005 -16"><span class='ocrx_word' id='word_1_204' title='bbox 87 2099 176 2139; x_wconf 79' lang='lat' dir='ltr'>urb⁵</span> <span class='ocrx_word' id='word_1_205' title='bbox 195 2099 486 2153; x_wconf 56' lang='lat' dir='ltr'>habitabatur]</span> <span class='ocrx_word' id='word_1_206' title='bbox 508 2101 606 2141; x_wconf 82' lang='lat' dir='ltr'>Haec</span> <span class='ocrx_word' id='word_1_207' title='bbox 624 2116 690 2154; x_wconf 91' lang='lat' dir='ltr'>pu-</span> 
     </span>
     <span class='ocr_line' id='line_1_30' title="bbox 87 2161 691 2217; baseline 0.003 -17"><span class='ocrx_word' id='word_1_208' title='bbox 87 2172 209 2216; x_wconf 82' lang='lat' dir='ltr'>gnant</span> <span class='ocrx_word' id='word_1_209' title='bbox 240 2175 327 2200; x_wconf 88' lang='lat' dir='ltr'>curn</span> <span class='ocrx_word' id='word_1_210' title='bbox 354 2161 400 2200; x_wconf 88' lang='lat' dir='ltr'>iis</span> <span class='ocrx_word' id='word_1_211' title='bbox 429 2176 515 2216; x_wconf 82' lang='lat' dir='ltr'>quae</span> <span class='ocrx_word' id='word_1_212' title='bbox 541 2177 576 2201; x_wconf 91' lang='lat' dir='ltr'>c.</span> <span class='ocrx_word' id='word_1_213' title='bbox 603 2176 659 2217; x_wconf 77' lang='lat'>24</span> <span class='ocrx_word' id='word_1_214' title='bbox 680 2191 691 2209; x_wconf 91' lang='lat'><em>‚</em></span> 
     </span>
     <span class='ocr_line' id='line_1_31' title="bbox 85 2222 690 2264; baseline 0.002 -2"><span class='ocrx_word' id='word_1_215' title='bbox 85 2223 314 2262; x_wconf 86' lang='lat' dir='ltr'>traduntur.</span> <span class='ocrx_word' id='word_1_216' title='bbox 369 2222 428 2262; x_wconf 90' lang='lat' dir='ltr'>lbi</span> <span class='ocrx_word' id='word_1_217' title='bbox 476 2223 580 2262; x_wconf 89' lang='lat' dir='ltr'>enim</span> <span class='ocrx_word' id='word_1_218' title='bbox 623 2223 690 2264; x_wconf 85' lang='lat' dir='ltr'>Ti.</span> 
     </span>
     <span class='ocr_line' id='line_1_32' title="bbox 86 2283 692 2338; baseline 0.002 -14"><span class='ocrx_word' id='word_1_219' title='bbox 86 2283 348 2337; x_wconf 84' lang='lat' dir='ltr'>Sempronius</span> <span class='ocrx_word' id='word_1_220' title='bbox 383 2285 431 2322; x_wconf 87' lang='lat' dir='ltr'>ab</span> <span class='ocrx_word' id='word_1_221' title='bbox 474 2283 540 2323; x_wconf 84' lang='lat' dir='ltr'>sua</span> <span class='ocrx_word' id='word_1_222' title='bbox 579 2296 692 2338; x_wconf 80' lang='lat' dir='ltr'>parte</span> 
     </span>
     <span class='ocr_line' id='line_1_33' title="bbox 87 2346 693 2398; baseline 0.003 -14"><span class='ocrx_word' id='word_1_223' title='bbox 87 2346 236 2398; x_wconf 85' lang='lat' dir='ltr'>primus</span> <span class='ocrx_word' id='word_1_224' title='bbox 261 2346 399 2384; x_wconf 84' lang='lat' dir='ltr'>urbem</span> <span class='ocrx_word' id='word_1_225' title='bbox 428 2358 573 2398; x_wconf 85' lang='lat' dir='ltr'>capere</span> <span class='ocrx_word' id='word_1_226' title='bbox 596 2346 693 2386; x_wconf 88' lang='lat' dir='ltr'>dici-</span> 
     </span>
     <span class='ocr_line' id='line_1_34' title="bbox 87 2404 693 2460; baseline 0.003 -15"><span class='ocrx_word' id='word_1_227' title='bbox 87 2417 151 2445; x_wconf 86' lang='lat' dir='ltr'>tur</span> <span class='ocrx_word' id='word_1_228' title='bbox 180 2420 190 2446; x_wconf 93' lang='lat'>:</span> <span class='ocrx_word' id='word_1_229' title='bbox 215 2406 291 2460; x_wconf 66' lang='lat' dir='ltr'>qua</span> <span class='ocrx_word' id='word_1_230' title='bbox 310 2404 428 2459; x_wconf 65' lang='lat' dir='ltr'>capa</span> <span class='ocrx_word' id='word_1_231' title='bbox 445 2406 574 2446; x_wconf 78' lang='lat' dir='ltr'>AEtoli</span> <span class='ocrx_word' id='word_1_232' title='bbox 595 2421 693 2447; x_wconf 90' lang='lat' dir='ltr'>con-</span> 
     </span>
     <span class='ocr_line' id='line_1_35' title="bbox 85 2465 691 2521; baseline 0.005 -15"><span class='ocrx_word' id='word_1_233' title='bbox 85 2465 243 2521; x_wconf 78' lang='lat' dir='ltr'>fugiunt</span> <span class='ocrx_word' id='word_1_234' title='bbox 263 2468 304 2506; x_wconf 88' lang='lat' dir='ltr'>in</span> <span class='ocrx_word' id='word_1_235' title='bbox 327 2481 473 2506; x_wconf 85' lang='lat' dir='ltr'>arcem.</span> <span class='ocrx_word' id='word_1_236' title='bbox 496 2468 691 2509; x_wconf 85' lang='lat' dir='ltr'>Emendat</span> 
     </span>
     <span class='ocr_line' id='line_1_36' title="bbox 90 2526 692 2583; baseline 0.003 -16"><span class='ocrx_word' id='word_1_237' title='bbox 90 2526 329 2568; x_wconf 83' lang='lat' dir='ltr'>Gronovius</span> <span class='ocrx_word' id='word_1_238' title='bbox 363 2541 374 2567; x_wconf 76' lang='lat'>2</span> <span class='ocrx_word' id='word_1_239' title='bbox 403 2541 583 2582; x_wconf 81' lang='lat' dir='ltr'>partem,</span> <span class='ocrx_word' id='word_1_240' title='bbox 617 2531 692 2583; x_wconf 72' lang='lat' dir='ltr'>qud</span> 
     </span>
     <span class='ocr_line' id='line_1_37' title="bbox 89 2587 691 2645; baseline 0.002 -16"><span class='ocrx_word' id='word_1_241' title='bbox 89 2602 200 2629; x_wconf 69' lang='lat' dir='ltr'>extra</span> <span class='ocrx_word' id='word_1_242' title='bbox 213 2587 587 2642; x_wconf 68' lang='lat' dir='ltr'>murosfrequentit&gt;5</span> <span class='ocrx_word' id='word_1_243' title='bbox 599 2606 691 2645; x_wconf 85' lang='lat' dir='ltr'>pro·</span> 
     </span>
     <span class='ocr_line' id='line_1_38' title="bbox 83 2649 688 2706; baseline 0.008 -17"><span class='ocrx_word' id='word_1_244' title='bbox 83 2664 134 2705; x_wconf 77' lang='lat' dir='ltr'>pe</span> <span class='ocrx_word' id='word_1_245' title='bbox 154 2650 263 2706; x_wconf 69' lang='lat' dir='ltr'>quaint</span> <span class='ocrx_word' id='word_1_246' title='bbox 276 2649 314 2690; x_wconf 69' lang='grc' dir='ltr'>ἰή</span> <span class='ocrx_word' id='word_1_247' title='bbox 325 2650 415 2691; x_wconf 78' lang='lat' dir='ltr'>urbe</span> <span class='ocrx_word' id='word_1_248' title='bbox 426 2651 688 2694; x_wconf 72' lang='lat' dir='ltr'>habitabatur.</span> 
     </span>
    </p>
   </div>
   <div class='ocr_carea' id='block_1_8' title="bbox 754 1978 1364 2706">
    <p class='ocr_par' dir='ltr' id='par_1_8' title="bbox 754 1978 1364 2386">
     <span class='ocr_line' id='line_1_39' title="bbox 754 1978 1364 2033; baseline 0.002 -17"><span class='ocrx_word' id='word_1_249' title='bbox 754 1978 872 2018; x_wconf 82' lang='lat' dir='ltr'>Hanc</span> <span class='ocrx_word' id='word_1_250' title='bbox 894 1979 1215 2018; x_wconf 64' lang='lat' dir='ltr'>emendationem</span> <span class='ocrx_word' id='word_1_251' title='bbox 1243 1992 1364 2033; x_wconf 77' lang='lat' dir='ltr'>egre-</span> 
     </span>
     <span class='ocr_line' id='line_1_40' title="bbox 756 2042 1362 2094; baseline 0 -15"><span class='ocrx_word' id='word_1_252' title='bbox 756 2042 820 2094; x_wconf 71' lang='lat' dir='ltr'>gie</span> <span class='ocrx_word' id='word_1_253' title='bbox 847 2042 1003 2079; x_wconf 72' lang='lat' dir='ltr'>firmant</span> <span class='ocrx_word' id='word_1_254' title='bbox 1036 2042 1120 2080; x_wconf 70' lang='lat' dir='ltr'>haec</span> <span class='ocrx_word' id='word_1_255' title='bbox 1151 2042 1273 2079; x_wconf 71' lang='lat' dir='ltr'>vmba</span> <span class='ocrx_word' id='word_1_256' title='bbox 1291 2068 1301 2085; x_wconf 91' lang='lat'>,</span> <span class='ocrx_word' id='word_1_257' title='bbox 1326 2054 1362 2079; x_wconf 87' lang='lat' dir='ltr'>c.</span> 
     </span>
     <span class='ocr_line' id='line_1_41' title="bbox 758 2102 1363 2155; baseline 0.002 -15"><span class='ocrx_word' id='word_1_258' title='bbox 758 2113 842 2150; x_wconf 71' lang='lat'>24,</span> <span class='ocrx_word' id='word_1_259' title='bbox 873 2103 1013 2155; x_wconf 88' lang='lat' dir='ltr'>quibus</span> <span class='ocrx_word' id='word_1_260' title='bbox 1050 2102 1283 2142; x_wconf 69' lang='lat' dir='ltr'>describitur</span> <span class='ocrx_word' id='word_1_261' title='bbox 1316 2116 1363 2141; x_wconf 82' lang='lat' dir='ltr'>ea</span> 
     </span>
     <span class='ocr_line' id='line_1_42' title="bbox 755 2163 1362 2217; baseline 0.003 -17"><span class='ocrx_word' id='word_1_262' title='bbox 755 2177 845 2215; x_wconf 87' lang='lat' dir='ltr'>pars</span> <span class='ocrx_word' id='word_1_263' title='bbox 866 2191 877 2211; x_wconf 95' lang='lat'>,</span> <span class='ocrx_word' id='word_1_264' title='bbox 906 2178 992 2217; x_wconf 78' lang='lat' dir='ltr'>quae</span> <span class='ocrx_word' id='word_1_265' title='bbox 1025 2178 1045 2201; x_wconf 90' lang='lat' dir='ltr'>a</span> <span class='ocrx_word' id='word_1_266' title='bbox 1078 2164 1143 2202; x_wconf 81' lang='lat' dir='ltr'>Ti.</span> <span class='ocrx_word' id='word_1_267' title='bbox 1175 2163 1362 2215; x_wconf 86' lang='lat' dir='ltr'>Sempro·</span> 
     </span>
     <span class='ocr_line' id='line_1_43' title="bbox 755 2224 1363 2278; baseline -0.002 -15"><span class='ocrx_word' id='word_1_268' title='bbox 755 2224 824 2263; x_wconf 89' lang='lat' dir='ltr'>nio</span> <span class='ocrx_word' id='word_1_269' title='bbox 883 2225 1189 2278; x_wconf 75' lang='lat' dir='ltr'>oppugnabatur</span> <span class='ocrx_word' id='word_1_270' title='bbox 1225 2238 1235 2264; x_wconf 74' lang='grc' dir='ltr'><strong><em>ε</em></strong></span> <span class='ocrx_word' id='word_1_271' title='bbox 1269 2239 1363 2277; x_wconf 81' lang='lat' dir='ltr'>pars</span> 
     </span>
     <span class='ocr_line' id='line_1_44' title="bbox 757 2286 1363 2340; baseline -0.002 -16"><span class='ocrx_word' id='word_1_272' title='bbox 757 2300 833 2324; x_wconf 81' lang='lat' dir='ltr'>una</span> <span class='ocrx_word' id='word_1_273' title='bbox 854 2313 863 2331; x_wconf 90' lang='lat'>,</span> <span class='ocrx_word' id='word_1_274' title='bbox 894 2286 933 2325; x_wconf 85' lang='lat' dir='ltr'>in</span> <span class='ocrx_word' id='word_1_275' title='bbox 959 2301 1030 2339; x_wconf 81' lang='lat' dir='ltr'>qua</span> <span class='ocrx_word' id='word_1_276' title='bbox 1056 2286 1220 2340; x_wconf 74' lang='lat' dir='ltr'>aedzficia</span> <span class='ocrx_word' id='word_1_277' title='bbox 1248 2297 1363 2325; x_wconf 82' lang='lat' dir='ltr'>extra</span> 
     </span>
     <span class='ocr_line' id='line_1_45' title="bbox 757 2346 1046 2386; baseline 0.003 -1"><span class='ocrx_word' id='word_1_278' title='bbox 757 2346 884 2386; x_wconf 78' lang='lat' dir='ltr'>urbem</span> <span class='ocrx_word' id='word_1_279' title='bbox 920 2360 1046 2386; x_wconf 66' lang='lat' dir='ltr'>erant.</span> 
     </span>
    </p>

    <p class='ocr_par' dir='ltr' id='par_1_9' title="bbox 754 2407 1364 2706">
     <span class='ocr_line' id='line_1_46' title="bbox 820 2407 1364 2462; baseline -0.004 -15"><span class='ocrx_word' id='word_1_280' title='bbox 820 2421 844 2447; x_wconf 92' lang='lat'><em>2</em></span> <span class='ocrx_word' id='word_1_281' title='bbox 880 2407 1031 2447; x_wconf 74' lang='lat' dir='ltr'>Horum</span> <span class='ocrx_word' id='word_1_282' title='bbox 1063 2422 1199 2462; x_wconf 64' lang='lat' dir='ltr'>magno</span> <span class='ocrx_word' id='word_1_283' title='bbox 1240 2419 1364 2447; x_wconf 82' lang='lat' dir='ltr'>certa-</span> 
     </span>
     <span class='ocr_line' id='line_1_47' title="bbox 755 2468 1361 2521; baseline 0.002 -15"><span class='ocrx_word' id='word_1_284' title='bbox 755 2468 869 2508; x_wconf 79' lang='lat' dir='ltr'>mine.</span> <span class='ocrx_word' id='word_1_285' title='bbox 897 2469 913 2521; x_wconf 74' lang='lat' dir='ltr'>J</span> <span class='ocrx_word' id='word_1_286' title='bbox 953 2469 1088 2521; x_wconf 78' lang='lat' dir='ltr'>Quum</span> <span class='ocrx_word' id='word_1_287' title='bbox 1116 2470 1154 2508; x_wconf 81' lang='lat' dir='ltr'>hi</span> <span class='ocrx_word' id='word_1_288' title='bbox 1186 2471 1290 2508; x_wconf 84' lang='lat' dir='ltr'>inter</span> <span class='ocrx_word' id='word_1_289' title='bbox 1323 2468 1361 2507; x_wconf 88' lang='lat' dir='ltr'>se</span> 
     </span>
     <span class='ocr_line' id='line_1_48' title="bbox 755 2530 1360 2584; baseline -0.002 -15"><span class='ocrx_word' id='word_1_290' title='bbox 755 2545 899 2584; x_wconf 68' lang='lat' dir='ltr'>magn-0</span> <span class='ocrx_word' id='word_1_291' title='bbox 945 2530 1073 2570; x_wconf 84' lang='lat' dir='ltr'>studio</span> <span class='ocrx_word' id='word_1_292' title='bbox 1122 2539 1360 2576; x_wconf 70' lang='lat' dir='ltr'>certarent,</span> 
     </span>
     <span class='ocr_line' id='line_1_49' title="bbox 755 2592 1364 2644; baseline 0.002 -15"><span class='ocrx_word' id='word_1_293' title='bbox 755 2593 838 2643; x_wconf 86' lang='lat' dir='ltr'>quis</span> <span class='ocrx_word' id='word_1_294' title='bbox 867 2592 1092 2630; x_wconf 78' lang='lat' dir='ltr'>mandatum</span> <span class='ocrx_word' id='word_1_295' title='bbox 1123 2605 1221 2644; x_wconf 83' lang='lat' dir='ltr'>opus</span> <span class='ocrx_word' id='word_1_296' title='bbox 1253 2592 1364 2632; x_wconf 81' lang='lat' dir='ltr'>cele-</span> 
     </span>
     <span class='ocr_line' id='line_1_50' title="bbox 754 2651 1091 2706; baseline -0.009 -13"><span class='ocrx_word' id='word_1_297' title='bbox 754 2651 833 2693; x_wconf 64' lang='lat' dir='ltr'>rius</span> <span class='ocrx_word' id='word_1_298' title='bbox 859 2651 1091 2706; x_wconf 70' lang='lat' dir='ltr'>perficeret.</span> 
     </span>
    </p>
   </div>
   <div class='ocr_carea' id='block_1_9' title="bbox 966 2708 1088 2774">
    <p class='ocr_par' dir='ltr' id='par_1_10' title="bbox 966 2708 1088 2774">
     <span class='ocr_line' id='line_1_51' title="bbox 966 2708 1088 2774; baseline 0.008 -17"><span class='ocrx_word' id='word_1_299' title='bbox 966 2709 1010 2757; x_wconf 80' lang='lat' dir='ltr'>R</span> <span class='ocrx_word' id='word_1_300' title='bbox 1037 2708 1088 2774; x_wconf 76' lang='lat' dir='ltr'>iij</span> 
     </span>
    </p>
   </div>
  </div>
 </body>
</html>
