1680 3052
308 127 668 190 Lrssun
762 124 1099 187 XXXII.
1271 143 1346 208 91

62 211 253 282 potuit,
282 210 317 262 si
350 211 589 279 fugientes
620 206 857 275 persecuti
901 209 1111 256 vffiores
1156 207 1306 260 effent
1337 223 1556 277 :U,c,534.·

65 281 148 333 sed
192 283 404 348 equitem
440 276 664 346 angustiae
713 276 1036 341 locorumque
1084 274 1562 340 asperitas‚a.C.198.‚

64 349 282 418 peditem
319 363 560 398 armorum
583 346 791 412 gravitas
827 343 1067 409 impediit.
1105 341 1215 392 Rex
1247 349 1347 410 pri-

65 419 150 468 mo
186 415 333 467 effuse
367 434 421 464 ac
455 416 485 465 6
516 413 614 463 sme
635 411 851 480 respet‘tu
872 411 1027 479 fugit:
1056 410 1168 460 dein
1203 415 1347 478 quin-

66 502 160 552 que
191 486 389 534 millium
420 482 623 548 spatium
655 479 928 548 progressus
948 518 963 541 ‚
988 497 1138 545 quum
1170 495 1230 528 ex
1256 482 1351 528 ini-

67 555 246 619 quitate
272 552 530 610 locorum,
553 551 600 599 id
637 551 771 617 quod
808 563 943 608 erat,
977 547 1234 613 suspicatus
1274 548 1351 597 es-

65 621 169 680 set,
198 620 327 686 sequi
370 637 472 668 non
518 617 653 686 posse
687 616 873 667 hostem
895 655 908 677 ‚
941 615 1140 666 substitit
1179 617 1230 665 in
1263 630 1351 666 tu-

62 688 198 738 mulo
233 687 445 754 quodam
466 725 481 748 ‚
517 685 785 754 dimisitque
808 689 915 734 suos
939 701 1026 752 per
1046 685 1212 734 omnia
1234 682 1350 753 juga

62 755 343 823 vallesque,
385 757 464 823 qui
509 756 697 822 palatos
743 757 790 803 in
839 771 990 804 unum
1046 753 1353 821 colligerent.

62 822 182 874 Non
221 825 326 890 plus
356 824 545 874 duobus
591 823 801 872 millibus
838 823 1094 871 hominum
1137 820 1346 883 amiffis,

61 908 221 943 cetera
253 894 410 943 omnis
439 891 699 941 multitudo
722 929 736 952 ‚
768 891 905 940 velut
928 890 1111 957 signum
1145 890 1346 957 aliquod

57 959 256 1019 secuta,
286 963 335 1009 in
370 978 520 1010 unum
556 978 704 1027 quum
739 957 1069 1018 convenisset,
1104 957 1447 1025 frequentiRex
1506 959 1551 1004 ίνι

56 1031 249 1097 agmine
284 1043 454 1096 petunt
477 1027 785 1077 Tlieffaliazn.
815 1026 1028 1076 Romani
1062 1029 1226 1092 quoad
1259 1043 1337 1077 tu·
1358 1022 1517 1093 ”fheffa-

57 1111 162 1147 tum
197 1096 286 1146 fuit
328 1096 557 1156 insecuti,
590 1096 829 1145 caedentes
863 1094 1216 1162 spoliantesque
1248 1086 1446 1154 cae-hfm
1479 1084 1548 1141 fu·

58 1163 137 1215 sos
158 1204 172 1227 ,
211 1164 359 1214 castra
392 1167 520 1233 regia
539 1203 553 1226 ,
574 1167 718 1214 etiam
737 1163 831 1213 fine
855 1164 1190 1215 defensoribus
1213 1160 1426 1216 disti-8¹²·

59 1234 138 1283 cili
165 1234 295 1283 aditu
317 1272 331 1294 ‚
369 1234 621 1301 diripiunt:
644 1249 791 1301 arque
816 1233 873 1282 ea
905 1232 1047 1283 noete
1066 1236 1116 1283 in
1141 1233 1232 1284 suis
1255 1253 1342 1286 ca-

62 1300 164 1352 stris
203 1302 493 1352 manserunt.

129 1369 266 1421 XIII.
301 1370 499 1420 Postero
525 1370 603 1421 die
622 1369 783 1420 consul
817 1387 904 1437 per
922 1369 1041 1437 ipsas
1070 1369 1303 1439 angustias
1321 1410 1338 1432 ,
1361 1380 1550 1440 Sequitur

61 1439 157 1505 qua
189 1438 235 1488 se
271 1440 393 1489 inter
410 1440 559 1490 valles
583 1441 764 1489 flumen
794 1438 994 1489 insinuat
1013 1478 1028 1501 ‚
1062 1440 1252 1491 hostem
1274 1440 1509 1504 se-consul.

61 1508 236 1574 quitur.
274 1506 381 1556 Rex
417 1511 576 1575 primo
614 1508 692 1558 die
723 1508 785 1557 ad
815 1507 980 1558 Castra
1018 1508 1190 1575 Pyrrhi
1224 1526 1343 1576 per-

58 1578 194 1626 venit
215 1592 227 1624 :
249 1591 281 1639 7
302 1576 437 1626 locus
463 1594 609 1643 quem
628 1578 693 1626 ita
712 1593 892 1627 vocant
914 1615 928 1638 ‚
957 1575 1023 1627 est
1045 1580 1093 1626 in
1113 1576 1346 1645 Triphy-

57 1643 122 1693 lia
158 1659 283 1694 terra
313 1645 564 1695 Melotidis
596 1663 608 1694 ε
641 1645 750 1696 inde
778 1644 974 1712 postero
999 1645 1077 1696 die
1108 1645 1138 1696 8
1163 1648 1348 1715 ingenti

59 1711 228 1764 itinere
258 1716 460 1782 agminis
493 1713 585 1783 (ὅτ.
623 1730 779 1765 metus
808 1713 1048 1783 urgebat)
1071 1729 1101 1781 9
1124 1716 1174 1765 in
1197 1733 1348 1776 mon-⁴

121 1817 148 1859 6
183 1818 280 1859 Sine
308 1817 492 1874 respeffu.
514 1822 529 1874 ]
563 1819 670 1860 Nus-

58 1892 177 1933 quam
196 1880 412 1935 respiciens
426 1910 440 1928 2
459 1895 536 1923 nec
554 1894 670 1925 retro

733 1822 782 1862 ab
803 1820 897 1862 Aoo
916 1819 1100 1862 flumine.

798 1883 822 1924 8
858 1882 1015 1941 Ingenti
1046 1883 1186 1924 itinere
1218 1880 1349 1940 agmi-

60 1940 226 1983 sseflens
246 1954 384 1997 caput.

124 2017 149 2054 7
166 2003 294 2044 Locus
310 2020 415 2059 quem
431 2003 490 2045 ica
506 2019 667 2059 vocant,

60 2063 116 2113 est
125 2068 166 2111 in
183 2065 425 2122 Triphylia]
441 2068 541 2109 Haec
557 2083 667 2109 men·

60 2126 155 2166 dosa
188 2127 291 2167 sunt.
321 2129 530 2185 Triphylia
563 2131 667 2171 enim

59 2186 115 2228 est
127 2188 167 2228 in
183 2187 483 2243 Peloponneso.
497 2192 668 2233 Melotis

59 2260 194 2292 autem
222 2266 372 2292 nomen
400 2252 452 2292 est
475 2251 668 2310 Geogra-

58 2311 148 2371 pbis
187 2312 390 2368 ignotum.
427 2313 664 2358 Gronovius

59 2374 247 2414 emendat
289 2390 340 2416 ex
382 2376 615 2430 conjettura
651 2392 662 2420 :

60 2431 189 2475 Locus
211 2451 319 2490 quem
343 2437 401 2478 ita
418 2452 563 2479 vocant
582 2468 593 2487 ,
614 2440 667 2491 est

63 2494 346 2550 Stymphaliam
375 2505 482 2541 inter
509 2501 547 2542 ὃ*
578 2501 665 2542 Eli·

61 2557 274 2600 miotidenz.
324 2560 571 2616 Stymphalia
622 2565 666 2605 ὃ(

60 2616 256 2660 Elimiotis
289 2619 376 2664 sunt
419 2624 664 2679 regiunculae

57 2675 102 2720 in
133 2679 377 2725 Macedonia
410 2697 493 2727 non
517 2689 663 2742 procul

732 1944 835 1999 nis.]
857 1946 984 1999 Quod
1003 1946 1080 1986 iter
1094 1956 1180 1988 erat
1200 1945 1349 2001 ingens

732 2009 881 2064 agmini
898 2018 1158 2050 armatorum.

792 2082 817 2123 9
836 2069 886 2110 In
902 2083 1070 2111 montem
1087 2070 1243 2125 Lingon
1256 2081 1347 2124 per·

730 2131 850 2174 rexit.
899 2131 982 2186 Ipsi
1027 2145 1176 2172 montes
1226 2130 1346 2186 Epiri

725 2191 856 2249 sunm}
872 2194 1013 2247 Etipsa
1031 2193 1226 2235 orationis
1246 2194 1346 2234 stru-

732 2255 840 2296 &ura
860 2270 1202 2310 numerorumque
1220 2256 1258 2295 in
1278 2269 1345 2295 ea·

728 2317 820 2358 dem
837 2332 882 2359 re
903 2319 1076 2359 varietas
1092 2347 1103 2366 ,
1127 2319 1166 2358 &
1192 2330 1343 2358 nomen

727 2379 876 2421 montis
901 2394 1039 2435 parum
1069 2390 1210 2420 notum
1234 2408 1246 2426 ,
1275 2379 1342 2418 vi-

729 2441 874 2483 dentur
885 2456 1057 2498 arguere
1079 2441 1340 2495 depravatam

727 2503 808 2544 hoc
844 2505 940 2544 loco
974 2504 1223 2558 scripturam.
1255 2500 1339 2543 Sed

727 2567 775 2605 ad
795 2580 880 2606 eam
902 2565 1179 2620 corrigendam
1197 2562 1338 2604 frustta

726 2625 806 2670 fine
826 2627 934 2671 libris
955 2627 1291 2684 aggrederemur·
