1680 3052
334 138 415 204 90
599 122 657 187 T
700 145 724 186 1
765 145 808 186 τ
852 144 875 186 1
971 128 1018 187 L
1062 144 1084 185 1
1128 145 1174 186 v
1215 145 1237 186 1
1281 139 1306 186 1·
1354 180 1357 183 Δ

128 207 619 274 U,c.554,polliceatur
663 247 679 270 ‚
730 208 870 276 super
932 225 1078 276 caput
1140 209 1345 260 hostium
1403 218 1616 277 perveni

122 278 318 332 vaC.198.
333 291 435 326 tum
471 276 526 326 fit
546 315 560 338 ,
595 277 734 328 furno
772 281 884 328 dare
912 277 1098 346 fignum
1128 289 1256 329 :nec
1287 278 1400 328 ante
1438 279 1617 330 clamo&

328 363 433 396 rem
453 345 627 397 tollere
643 384 658 408 ‚
682 347 827 413 quam
853 347 911 397 ab
935 347 982 396 se
1013 346 1148 414 signo
1178 364 1381 414 accepto
1401 365 1614 414 pugnam

331 428 546 480 coeptam
586 433 619 476 4
657 415 873 463 arbitrari
916 413 1087 481 poffet.
1122 413 1279 465 Νοᾶὶε
1313 416 1481 465 itinera
1510 414 1616 464 fieri

325 481 464 548 jubet
492 501 503 531 :
528 482 580 532 &
605 500 795 550 pernox
829 481 958 532 forte
985 484 1097 533 luna
1128 499 1262 534 erat':
1291 483 1499 532 interdiu
1519 485 1614 533 cibi

325 549 592 617 quietisque
640 550 848 600 sumeret
894 565 1122 619 tempus:
1158 553 1336 602 ducem
1373 550 1614 618 promiffis

324 619 600 687 ingentibus
634 636 889 669 oneratum
910 658 926 679 ,
964 620 998 669 fi
1029 619 1149 670 fides
1184 617 1369 681 exstet,
1398 619 1615 670 vinsium
1679 637 1680 677 ς

325 702 493 737 tamen
525 688 720 737 tribuno
751 687 962 738 tradidit.
997 689 1086 738 His
1122 691 1273 755 copiis
1297 690 1362 739 ita
1386 686 1613 749 dimissis,

324 772 388 805 eo
427 758 656 806 intentius
700 772 721 825 5
770 755 1024 809 Romanus
1072 758 1291 826 undique
1328 755 1469 807 instat
1505 759 1614 824 capi

328 823 581 875 stationes.

118 891 314 954 Quintius
395 892 509 943 XII.
563 891 766 944 Interim
821 893 901 943 die
953 895 1102 944 tertio
1146 910 1296 959 quum
1340 893 1618 952 verticem,‘

117 960 299 1030 aggredi..
325 979 475 1028 quem
515 965 784 1027 petierant,
819 962 1033 1013 Romani
1069 960 1245 1029 cepisse
1279 979 1333 1010 ac
1370 977 1539 1012 tenere
1569 961 1617 1011 se

117 1031 186 1093 “f''
218 1020 464 1081 Ph²·fumo
498 1029 848 1098 fignificarent3
880 1046 984 1081 tum
1023 1032 1145 1081 vero
1186 1028 1416 1080 trifariam
1454 1028 1617 1079 divisis

116 1077 283 1138 lzppum.
322 1102 507 1167 copiis,
539 1099 704 1149 consul
737 1101 867 1150 valle
896 1099 1059 1149 media
1079 1116 1190 1148 cum
1225 1099 1432 1148 militum
1460 1100 1617 1148 robo-

318 1187 371 1219 re
402 1168 613 1218 succedit
652 1186 664 1218 :
705 1186 884 1219 cornua
917 1168 1088 1219 dextra
1123 1168 1349 1235 laevaque
1376 1167 1617 1218 admovet

313 1236 475 1287 castris
496 1255 512 1298 3
541 1255 631 1287 nec
667 1235 858 1306 segnius
884 1235 1042 1287 hostes
1081 1234 1283 1286 obviam
1314 1251 1433 1286 eunt
1471 1254 1483 1286 :
1523 1236 1613 1298 &,

320 1307 438 1357 dum
476 1308 705 1357 aviditate
742 1308 1016 1357 certaminis
1063 1304 1286 1372 proveffi
1324 1321 1461 1355 extra
1498 1322 1616 1355 mu·-

317 1379 531 1426 nitiones
567 1391 782 1443 pugnant
805 1414 819 1438 ‚
853 1375 981 1424 haud
1010 1376 1158 1442 paulo
1182 1372 1399 1440 superior
1420 1372 1488 1442 est
1508 1372 1617 1424 Ro-

316 1462 489 1495 manus
539 1446 712 1506 mileS‚
752 1446 805 1495 ὃς
835 1446 1048 1503 virtute,
1086 1446 1140 1493 &
1176 1442 1408 1504 scientia,
1440 1442 1493 1492 &
1532 1460 1616 1491 ar-

313 1531 510 1564 morum
545 1531 745 1581 genere.
782 1512 1100 1579 Posteaquam
1142 1511 1306 1560 multis
1344 1512 1613 1562 vulneratis

315 1578 674 1650 interfefflsque
708 1599 938 1650 recepere
970 1581 1018 1632 se
1051 1580 1170 1648 regii
1198 1580 1246 1628 in
1273 1581 1381 1630 loca
1406 1594 1487 1630 aut
1505 1597 1615 1629 mu-

317 1652 541 1702 nimento
561 1689 576 1713 ‚
606 1651 892 1702 aut'natura
926 1665 1028 1701 tuta
1047 1688 1064 1709 ,
1099 1662 1314 1700 verterat
1343 1647 1613 1717 periculum

142 1720 366 1785 Atergoin
409 1722 666 1771 Romanos
686 1759 700 1780 ‚
733 1735 918 1771 temere
948 1723 995 1769 in
1019 1721 1131 1770 loca
1160 1718 1352 1785 iniqua,
1375 1736 1467 1768 nec
1487 1716 1613 1767 faci-

111 1788 287 1833 Romani
317 1791 388 1841 les
426 1791 487 1839 ad
519 1805 770 1857 receptum
804 1788 1071 1858 angustias,
1106 1786 1416 1855 progress'os:
1448 1802 1617 1857 neque

111 1854 552 1925 r25'1'051'12·impunita
587 1861 865 1909 temeritate
898 1860 1009 1908 inde
1056 1854 1343 1923 recepissent
1393 1855 1522 1916 sese,
1560 1855 1613 1904 ni

111 1918 303 1958 vadum&
319 1929 505 1979 clamor
534 1931 746 1995 primum
779 1929 839 1978 ab
873 1943 1015 1996 tergo
1052 1926 1273 1987 auditus,
1311 1924 1422 1974 dein
1447 1941 1611 1991 pugna

101 1976 267 2063 sffg‘m'·
316 2000 465 2048 etiam
502 2014 695 2062 coepta,
736 2013 954 2049 amentes
991 1997 1248 2063 repentino
1295 2009 1482 2043 terrore
1523 2009 1612 2041 re-

316 2069 424 2136 gios
466 2066 668 2117 fecisset.
710 2065 822 2116 Pars
856 2069 903 2115 in
944 2065 1107 2134 fugam
1142 2060 1275 2113 effusi
1308 2062 1414 2112 sunt
1449 2078 1462 2110 :
1499 2078 1613 2127 pars

317 2137 472 2204 magis
498 2173 516 2198 ,
558 2137 671 2202 quia
709 2136 847 2185 locus
884 2134 1010 2203 fugae
1050 2133 1253 2193 deerat,
1287 2131 1433 2199 quam
1471 2128 1611 2196 quod

313 2206 461 2254 animi
509 2203 615 2253 satis
650 2202 766 2254 esset
805 2204 866 2253 ad
895 2219 1116 2271 pugnarn
1141 2239 1155 2259 ,
1192 2218 1341 2267 quum
1377 2197 1610 2248 substitis-

311 2273 416 2324 sent
437 2311 452 2334 ‚
479 2273 539 2321 ab
578 2271 747 2331 hoste,
787 2274 839 2322 ὅ(
865 2292 892 2321 a
916 2272 1077 2321 fronte
1108 2269 1160 2318 ἃ
1191 2288 1217 2317 a
1240 2283 1379 2336 tergo
1420 2284 1607 2333 urgen-

311 2355 398 2404 te,
448 2343 765 2392 circumventi
803 2343 928 2393 sunt.
971 2339 1148 2390 Deleri
1197 2352 1329 2388 totus
1369 2338 1613 2385 exercitus·
1650 2387 1654 2390 ,

311 2448 445 2507 pastor
474 2450 544 2492 ille
570 2464 591 2491 a
623 2448 818 2505 Charopo
840 2446 931 2489 mis·
1062 2444 1296 2498 5Ronzamts
1309 2439 1475 2495 undique
1487 2440 1609 2491 instat

317 2513 397 2555 sus.
995 2505 1323 2563 capistationes.]
1339 2502 1491 2543 Consul
1502 2504 1612 2545 acuit

376 2587 405 2625 4
423 2571 628 2615 Arbitrari
643 2571 817 2628 poffet.]
838 2569 932 2615 Tri·
994 2569 1142 2610 milites
1158 2566 1222 2616 *ad
1245 2564 1458 2620 pellendos
1485 2565 1613 2615 undiq

315 2638 447 2677 hunus
480 2636 650 2676 militum
677 2662 690 2683 ‚
737 2634 806 2692 qui
850 2632 932 2679 toti
998 2645 1078 2689 que
1098 2629 1275 2675 hostese
1301 2626 1549 2672 stationibus.

319 2697 488 2758 negotio
508 2707 699 2755 praeerat,
1589 2729 1604 2753 3
