1680 3052
281 117 642 176 LIBER
736 111 1069 174 XXXII.
1226 128 1302 196 75

29 186 142 252 tum
172 197 275 265 ejus
298 235 313 258 ‚
345 209 578 264 quantum
606 192 811 242 militum
844 195 1089 243 videretur
1126 211 1178 244 ut
1206 195 1516 265 scri-U,c‚353‚

37 270 175 319 beret
198 305 214 329 ,
247 264 333 333 ipsi
367 261 659 330 permissum.
705 260 903 310 Praetori
944 261 1111 311 Baebio
1150 264 1515 330 legio-21.C.199.

38 355 158 396 neS‚
189 352 304 403 quas
349 331 413 382 C.
461 330 683 380 Aurelius
733 328 898 379 consul
932 328 1163 378 habuiss'et
1192 367 1207 389 ‚
1249 333 1317 380 ita

39 406 274 463 decretae,
299 414 352 450 ut
383 401 611 450 retineret
635 414 748 460 ea5‚
783 398 943 447 donec
977 398 1142 447 consul
1177 414 1319 449 novo

39 491 150 523 cum
200 471 408 522 exercitu
450 466 733 516 succederet
769 482 780 514 ε
813 467 862 514 in
903 464 1115 515 Galliam
1161 465 1242 514 ubi
1277 468 1319 515 is

38 539 236 593 venisset
255 577 269 599 ,
293 552 464 587 omnes
493 535 666 585 milites
695 533 992 584 exauctorati
1020 534 1225 584 domum
1245 533 1320 583 di-

38 611 340 659 mitterentur
368 643 383 667 ,
427 618 601 671 praeter
645 604 859 670 quinque
914 604 1063 652 millia
1099 601 1316 652 socium:

36 677 106 725 his
149 675 354 725 obtineri
398 676 523 723 circa
565 671 842 721 Ariminum
873 673 1175 738 provinciam
1208 669 1319 719 satis

35 742 164 794 effe:
200 760 226 791 2
261 756 530 809 prorogato
571 741 779 807 imperio
820 741 1107 806 praetoribus
1140 740 1318 805 prioris

33 813 177 873 anni,
208 809 304 860 Cn.
331 809 534 876 Sergio,
571 823 624 858 ut
658 807 918 867 militibus,
949 810 1027 876 qui
1059 809 1109 858 in
1140 806 1319 873 Hispa-

30 882 108 929 nia
127 917 141 941 ,
175 878 362 938 Sicilia,
389 876 606 927 Sardinia
632 874 866 941 stipendia
895 893 982 943 per
1014 875 1196 926 multos
1225 894 1319 925 an-

32 965 122 997 nos
159 946 404 1008 feciffent,
439 963 604 1012 agrum
632 943 960 1013 affignandum
996 958 1214 1005 curaret3
1241 943 1319 1010 Qd

30 1015 250 1066 Minucio
276 1054 290 1076 ‚
321 1028 373 1064 ut
394 1016 443 1063 in
469 1015 662 1064 Bruttiis
691 1014 825 1063 idem
863 1030 886 1080 3
922 1013 982 1063 de
1021 1011 1319 1077 conjuratio-

27 1083 169 1134 nibus
202 1082 520 1151 quaestiones‚
556 1100 674 1149 quas
702 1097 883 1149 praetor
918 1099 1027 1132 cum
1051 1081 1148 1132 fide
1180 1099 1319 1131 cura·

29 1169 124 1221 que
158 1150 437 1217 exercuisset
455 1188 471 1213 ‚
504 1150 790 1218 perficeret,
816 1168 849 1214 4
878 1151 931 1199 &
968 1167 1054 1201 eos
1085 1168 1209 1217 quos
1238 1149 1317 1199 sa-

30 1221 212 1288 crilegii
233 1233 515 1286 compertos
548 1221 596 1267 in
615 1219 818 1269 vinculis
853 1217 1068 1268 Romam
1092 1217 1315 1280 misisset,

28 1287 212 1339 Locros
254 1291 468 1338 mitteret
503 1286 563 1335 ad
601 1286 923 1354 supplicium,
964 1304 1166 1354 quaeque
1206 1287 1320 1341 sub-‚

28 1357 126 1406 lat'a
155 1373 214 1407 ex
245 1357 450 1406 delubro
474 1354 770 1423 Proserpinae
806 1353 955 1406 effent
975 1392 990 1415 ‚
1022 1355 1316 1422 reponenda

27 1442 139 1475 cum
175 1425 373 1492 piaculis
395 1436 601 1473 curaret.
630 1424 781 1474 Feriae
816 1424 1000 1474 Latinae
1018 1423 1316 1491 pontificum.

25 1492 228 1545 decreto
252 1492 518 1542 instauratae
549 1491 654 1541 sunt
681 1493 847 1561 :quod
877 1493 1025 1560 legati
1057 1492 1116 1542 ab
1143 1492 1313 1543 Ardea

24 1560 175 1628 questi
206 1563 255 1611 in
280 1561 444 1611 senatu
477 1575 640 1622 erant,
678 1576 699 1628 5
736 1560 819 1611 fibi
838 1563 887 1610 in
911 1575 1082 1611 monte
1112 1560 1313 1612 Albano

27 1628 208 1680 Latinis
258 1646 454 1680 carnem
477 1667 493 1693 ‚
525 1643 578 1679 ut
611 1628 812 1692 assolet,
847 1630 1010 1680 datam
1044 1648 1148 1681 non
1194 1628 1313 1683 effe.

89 1750 116 1779 2
155 1736 378 1794 Prorogato
411 1734 632 1792 imperim]
698 1734 927 1776 habitorum
958 1734 1279 1790 conjurationes.

25 1798 108 1841 Vel
127 1799 304 1853 pendent
316 1801 402 1840 haec
414 1799 461 1838 ab
479 1799 527 1839 iis
547 1813 635 1853 quae.

22 1861 259 1914 ptaecedunt
276 1890 288 1907 ,
308 1871 496 1914 tanquam
513 1860 635 1901 series

25 1923 204 1976 quaedam
233 1923 488 1963 decretorum
517 1922 635 1962 sena-

23 1983 88 2024 tfis
121 1985 170 2024 de
198 1984 448 2037 provinciis:
470 1985 538 2025 vel
568 1985 634 2025 le-

0 2056 1 2094 }
22 2045 198 2100 gendum
217 2045 269 2086 est
288 2046 366 2085 levi
381 2045 603 2088 mutatione
616 2074 630 2097 ,

0 2105 247 2170 {Prorogata
274 2106 450 2162 imperia.

68 2179 88 2222 3
106 2168 176 2208 De
189 2167 570 2225 conjurationibus]
587 2169 632 2210 In

20 2231 322 2285 rempublicam.
345 2230 490 2272 Bruttii
516 2231 631 2284 primi

21 2291 106 2334 fere
135 2293 261 2333 totius
293 2292 420 2333 Italiae
448 2292 631 2334 descive-

0 2367 1 2372 ’
21 2365 111 2395 rant
129 2354 178 2394 ad
198 2355 437 2395 Annibalem
459 2381 472 2403 ‚
502 2355 632 2396 ultimi

0 2381 6 2474 i
22 2415 73 2455 ad
89 2415 292 2456 Romanos
308 2416 511 2457 redierant
528 2430 631 2464 ;nec

0 2486 7 2527 η
23 2476 259 2518 defecerant
271 2479 318 2519 ab
330 2478 547 2528 Annibale,
563 2479 630 2520 sed

23 2538 172 2579 deserti
213 2540 387 2580 fuerant.
425 2541 532 2581 Hinc
572 2541 630 2581 ira

22 2599 294 2642 Romanorum
333 2601 372 2641 in
409 2616 514 2644 eos:
539 2602 630 2644 hinc

23 2659 201 2718 ipsorum
246 2661 343 2704 dure
386 2662 631 2706 aRomanis

759 1809 788 1847 4
809 1797 866 1837 Et
893 1811 958 1838 eos
985 1813 1078 1852 quos
1103 1795 1312 1856 sacrilegii

698 1871 930 1912 compertos.
951 1864 971 1915 ]
991 1860 1091 1904 Vid.
1129 1861 1244 1915 supra
1276 1862 1313 1905 l.

698 1920 875 1968 XXXI,
902 1936 1019 1976 capp.
1047 1934 1098 1964 12
1120 1922 1161 1964 &
1190 1933 1264 1976 13-

761 1995 782 2034 5
812 1982 902 2022 Sibi
929 1982 969 2024 in
994 1997 1124 2025 monte
1143 1985 1308 2027 Albano

693 2044 853 2086 Latinis
865 2060 1032 2086 carnem.
1043 2049 1064 2101 ]
1079 2046 1162 2087 Sibi
1176 2048 1310 2088 datam

693 2120 775 2148 non
812 2107 888 2148 effe
919 2107 1070 2150 Latinis
1103 2109 1230 2150 Feriis
1266 2110 1309 2150 in

691 2179 832 2209 monte
854 2170 1012 2211 Albano
1032 2171 1081 2211 de
1100 2184 1214 2211 more
1239 2184 1312 2211 ce-

693 2231 858 2271 lebratis
880 2233 987 2272 suam
1015 2246 1066 2273 ex
1090 2242 1208 2273 tauro
1229 2232 1308 2272 irn-

692 2294 847 2334 molato
873 2294 1120 2348 portionem.
1146 2293 1307 2334 Consti-

692 2365 826 2396 tutum
847 2356 950 2395 enim
969 2365 1056 2396 erat
1073 2383 1085 2403 ,
1098 2365 1165 2402 ut,
1185 2369 1305 2409 quum

693 2415 846 2470 septem
874 2418 917 2459 &
939 2417 1200 2473 quadraginta
1230 2430 1308 2468 po·

693 2479 778 2534 puli
803 2478 922 2534 hujus
956 2479 1051 2520 sacri
1084 2477 1303 2532 participes

684 2539 820 2582 essent
841 2568 853 2589 ,
874 2556 924 2581 ex
943 2551 1060 2581 tauro
1073 2568 1086 2586 ,
1101 2538 1304 2581 communi

693 2603 871 2643 omnium
934 2601 1088 2642 viffim‘zi
1133 2628 1145 2649 ,
1195 2600 1301 2640 suam

693 2664 859 2720 quisque
892 2665 1064 2728 popul-us
1085 2691 1097 2711 ,
1133 2674 1302 2717 eamque

923 2720 1027 2788 Di]
